1628 2940
73 1876 75 1881 .
179 1827 320 1907 postquam
338 1833 443 1903 Regum
456 1826 618 1902 pertaesum,
631 1828 707 1905 leget
717 1850 775 1891 tut·

181 110 240 173 192
276 111 679 156 expanduntur

176 206 241 250 tate.
266 206 386 251 ceterum
398 190 548 251 multitudo
558 188 777 269 periclitantium

174 275 315 355 gliscebat,
327 299 390 336 cum
400 279 495 336 omnis
507 278 606 336 domur
620 278 776 337 delatorum

175 363 675 442 ineerprerationibutsubvertereture
687 358 778 444 u'tque

175 452 290 509 antebac
305 450 428 527 flagitiis,
442 452 480 507 ita
494 465 561 509 tuuc
576 448 682 525 legibus
696 448 777 511 tabo·
810 516 812 529 Ι

175 538 295 597 rebatur.
319 534 777 616 etresedmonetutdeprincipiit
809 534 812 585 1

172 622 293 703 jutis,et
305 624 405 700 quibus
418 621 509 682 modis
521 622 555 681 ad
567 624 639 680 hanc
648 622 776 685 multitu·

174 710 267 769 dinem
287 708 423 769 infinitam
445 729 477 767 tc
497 710 659 769 varietatem
684 708 776 787 legunt
809 692 812 793 1

183 811 345 877 perventum
357 792 400 866 fit,
411 793 493 853 ultim
506 792 641 854 disseram.
674 796 812 869 Vetus-26¹

175 882 264 941 tissimi
280 880 448 953 mortalium,
463 880 540 939 nulla
557 879 646 939 adhuc
657 883 731 943 must
742 882 775 943 ti·

176 969 280 1040 bidine,
292 966 348 1026 fine
359 968 475 1041 probro,
492 966 600 1036 scelere,
612 987 704 1046 enque
720 967 776 1031 tine

176 1074 267 1133 poena
280 1069 328 1111 aut
342 1054 704 1129 coc'rcitionibusugebuntt
727 1074 775 1115 ne·

176 1159 231 1216 quc
243 1141 366 1218 praemiis
374 1160 446 1217 opus
457 1156 526 1212 eret,
538 1158 600 1197 cum
609 1137 775 1201 buncstnsu·

175 1240 243 1304 opte
258 1226 374 1301 ingenio
395 1241 574 1302 peterentur3
595 1239 622 1283 et
638 1226 686 1285 ubi
701 1226 773 1287 nihil
800 1214 806 1245 ²

177 1328 277 1373 contra
290 1331 394 1370 morem
408 1326 552 1390 cuperent,
566 1310 636 1369 nihil
652 1330 703 1392 pet
714 1332 773 1373 me-
800 1290 807 1385 s

179 1415 237 1459 tum
250 1400 421 1458 vetabantur.
446 1412 476 1456 at
491 1396 633 1475 postquam
648 1398 716 1457 exui
728 1418 773 1459 ue·

178 1485 306 1562 qualitas,
320 1500 346 1542 et
356 1504 406 1561 pro
416 1482 543 1542 modestia
555 1502 587 1542 ac
599 1483 706 1562 pudore
716 1506 774 1547 am·

178 1572 248 1629 bitio
260 1586 287 1627 ct
297 1572 339 1627 vis
349 1568 501 1639 incedebat,
519 1588 673 1647 provenere
683 1570 774 1633 domi·

177 1658 322 1725 nationem
341 1653 497 1733 multosque
508 1658 579 1735 apud
592 1656 715 1734 populns
730 1678 775 1718 ac·
805 1677 808 1684 ·

178 1756 288 1801 ternum
311 1739 442 1800 mansere.
478 1740 590 1819 quidam
606 1739 710 1818 statim,
728 1759 775 1805 tut
796 1738 804 1829 ,1

783 1833 798 2013 Ὑκ-

177 1915 287 1973 luerint.
330 1917 379 1970 bae
399 1916 489 1991 prImo
501 1914 613 1973 rudibus
628 1916 775 1979 bominum

178 2001 278 2057 animis
291 1996 421 2071 simplices
436 2015 529 2059 erant:
549 2002 726 2081 maximeque
735 2002 777 2063 fu·

178 2104 224 2144 mn
234 2082 381 2140 celebravit
390 2083 569 2159 Cretensium,
584 2091 792 2165 quncMinom·

177 2179 385 2247 Spartanorum,
398 2189 466 2247 quas
480 2178 641 2248 Lycurgus;
662 2195 695 2235 tte
706 2196 777 2237 mox

179 2252 389 2312 Atheniensibus
399 2255 635 2335 quaefitioresjam
646 2264 776 2341 etpluret
795 2265 814 2306 ’Ἴ

177 2341 262 2398 Solon
275 2337 433 2419 perscripsit.
463 2345 543 2403 nobis
555 2346 691 2408 Romulus
700 2362 733 2408 ut
740 2348 776 2409 li·

177 2428 265 2488 bitum
277 2429 498 2506 imperitaverut:
522 2430 586 2493 dein
604 2437 697 2497 Num
709 2434 775 2497 reli·
