1628 2940
92 126 162 193 254
207 96 443 173 mcu'ttttarr
460 122 608 171 nutri

89 225 212 292 accepta,
232 210 449 291 veriauequeiu
458 198 690 273 mrnmtumcorss

90 301 179 380 ruptis
191 299 386 360 antehebeant.
431 295 724 361 cetemmlaudan-ra

90 403 120 450 te
137 386 225 448 filium
245 407 297 468 pro
313 384 418 446 Rostris
432 384 564 459 Tiberio,
581 380 691 459 senatun

90 468 394 557 populusquehabitum
402 492 435 532 tc
441 490 526 533 vocet
533 469 692 549 dolentum,

91 559 263 625 fimulatione
281 561 368 639 magia
384 578 468 639 quam
485 557 577 619 libeat
592 555 690 619 iudue-

90 652 151 725 bat,
164 650 335 727 domumque
354 645 516 707 Germanici
529 643 691 706 revirescere

91 736 195 800 occulti
213 734 398 795 laetabantur.
429 732 508 813 quud
518 732 689 814 principium

91 825 207 900 favoris,
223 837 252 882 et
265 837 353 883 mater
363 820 520 900 Agrippina
530 816 607 899 spem
621 818 690 880 maie

91 907 689 991 tegentpemiciemadceleraveremamseja·

91 1019 146 1060 nuc
159 999 206 1057 ubi
218 995 295 1057 videt
303 1009 422 1057 mortem
430 992 511 1055 Druii
519 992 641 1054 inultam
649 997 689 1054 iu·

92 1084 294 1157 terfectoribus,
306 1081 360 1143 fine
368 1100 495 1142 moerore
503 1081 619 1162 publicu
626 1078 688 1155 eiiet

92 1171 173 1233 ferox
184 1168 324 1246 scelerum,
337 1185 365 1230 et
376 1171 442 1250 quia
452 1169 543 1250 prima
554 1188 691 1249 proretae·

94 1270 169 1331 rant,
192 1257 318 1318 volutare
337 1255 438 1329 tecum,
464 1274 587 1334 quonam
606 1254 692 1317 modu

94 1346 250 1407 Germanici
261 1345 363 1403 liberos
374 1356 556 1425 perverteret,
570 1360 690 1424 quorum

93 1454 154 1495 trun
166 1432 247 1492 dubia
255 1429 396 1505 succcffio;
412 1450 502 1509 neque
511 1429 600 1512 spargi
608 1450 691 1493 vene·

93 1542 162 1582 rrum
170 1522 199 1580 iu
211 1535 265 1580 arca
273 1518 500 1597 poterat,egrcgia
509 1516 692 1579 custodumfi·

94 1604 691 1687 de‚etpudicitiaAgrippinacimpenetrabili.

93 1694 386 1772 igiturcontumaciam
394 1693 453 1770 ejus
466 1689 604 1769 insectari,
612 1709 691 1755 vetua

94 1778 230 1858 Augustae
245 1778 352 1853 odium,
364 1794 499 1839 recentem
511 1779 612 1841 Liuiae
623 1800 692 1841 cun·

94 1866 233 1928 seientiam
247 1868 399 1943 exagitare,
412 1881 443 1926 ut
458 1866 468 1897 ⁴
482 1864 637 1946 superbiam
646 1866 692 1928 'fe-

94 1953 256 2014 ‘eunditate
267 1951 422 2029 subnixam,
439 1953 622 2033 populatibus
639 1952 691 2015 stu·

95 2041 106 2076 ‘
118 2041 170 2100 diis
179 2038 498 2115 inhiaredominatioui,'
510 2040 583 2118 apud
594 2038 692 2102 Caesa·

95 2147 154 2188 tem
165 2141 321 2204 arguerent.
345 2142 427 2207 atque
440 2131 506 2186 haec
518 2127 626 2188 callidis
638 2129 691 2190 cri·

95 2214 277 2273 miratoribus
291 2212 379 2283 (inter
391 2235 463 2294 quos
472 2214 609 2293 delegerat
621 2217 692 2292 Juli-

96 2321 143 2359 um
156 2298 310 2360 Postumum
322 2321 370 2380 pet
382 2302 545 2361 adulterium
566 2306 693 2365 Mutiliae

97 2385 199 2447 Priscae
211 2390 283 2448 inter
298 2390 413 2448 intimos
429 2390 515 2461 aviae,
529 2404 557 2448 et
569 2390 692 2453 cortiliis

97 2470 150 2536 suis
159 2474 354 2562 peridoneum
369 2478 436 2558 quia
451 2474 539 2540 Prisca
552 2477 584 2539 in
595 2480 695 2541 animo
