1538 3330
94 157 135 217 60
190 174 588 216 &connumerem

92 252 176 331 gestes
189 273 287 326 magna
300 276 360 310 cum
375 254 595 330 propinquorum
605 264 631 307 et
641 250 688 307 cli-

91 343 198 398 entium
211 360 304 397 manu.
328 336 691 412 inerantfeminaenobiles,

91 427 165 486 inter
182 445 250 504 quas
263 447 336 485 uxor
349 426 480 496 Arminii,
495 424 645 501 eademque
656 422 691 481 fi·

92 513 130 571 lia
141 510 265 588 Segestis,
277 512 368 570 mariti
376 512 463 588 magis
473 530 556 589 quam
567 511 692 590 parentia

92 599 199 670 animo,
214 617 304 677 neque
315 599 386 656 vieta
397 599 427 655 in
442 596 589 675 lacrymae,
600 615 693 675 neque

94 704 166 745 voce
185 681 311 764 supplex,
332 682 488 762 compreffrs
508 685 585 741 intra
602 679 692 742 {inum

95 772 235 843 manibus,
243 768 387 848 gravidum
398 785 506 829 uterum
515 770 639 828 intuens.
652 768 691 828 fe·

96 859 228 916 rebantur
238 872 266 916 et
277 854 361 935 spolia
370 856 508 915 Varianae
523 854 620 926 cladis,
632 854 691 933 ple·

96 941 187 1022 risque
197 963 305 1017 eorum,
326 943 374 1020 qui
395 959 452 1001 turn
472 944 502 1000 in
521 939 692 1003 deditionem

95 1030 256 1102 veniebant,
269 1027 382 1107 praedae
390 1027 463 1087 data.
484 1026 560 1087 srmul
572 1025 692 1105 Segestes

95 1113 151 1194 ipse
163 1112 349 1193 iugeus[visu,
363 1130 390 1173 et
401 1115 535 1174 memoria
544 1115 634 1173 bonae
640 1112 691 1174 1so·

96 1203 204 1261 cieratis
216 1199 382 1282 impavidus.
406 1203 498 1261 Verba
509 1201 569 1278 ejus
579 1202 609 1259 in
617 1203 692 1262 hune
696 1206 735 1281 58

98 1287 212 1347 modurn
221 1285 310 1347 fuere:
324 1287 402 1349 ‘uon
410 1288 455 1348 hic
464 1289 530 1347 mihi
541 1289 644 1366 primur
652 1308 694 1347 er·

99 1376 156 1453 ‘ga
175 1375 307 1456 populum
323 1380 481 1435 Romanurn
492 1372 555 1433 fidei
573 1390 601 1432 et
620 1393 691 1433 con·

59 1506 63 1521 .
99 1463 110 1494 ‘
125 1461 237 1522 stantiae
249 1460 323 1521 dieat
346 1481 381 1521 ex
392 1480 450 1541 quo
460 1464 477 1519 ὲ
487 1460 556 1521 divo
567 1456 689 1534 Augusto

100 1549 233 1608 ‘civitate
244 1546 364 1607 donatus
383 1545 451 1620 sum,
473 1548 577 1609 aruiooa
595 1544 688 1602 inimi·

99 1631 222 1712 ‘cosque
238 1654 273 1692 ex
289 1633 383 1693 vestris
401 1633 562 1693 utilitatibus
580 1629 688 1707 delegit

99 1720 110 1751 ‘
125 1741 215 1799 neque
226 1720 294 1779 odio
307 1722 409 1799 patriae
427 1719 551 1799 (quippe
566 1716 694 1798 prodito·

98 1806 108 1838 ⁴
122 1827 165 1867 res
176 1808 258 1867 etiam
268 1807 312 1880 iia,
324 1826 395 1885 quos
412 1820 598 1886 anteponunt,
613 1803 695 1866 invifi

98 1892 109 1925 ‘
122 1891 201 1968 sunt)
212 1913 307 1952 verum
315 1894 379 1970 quia
390 1894 524 1951 Remmia
536 1889 698 1952 Germanis-

99 1978 254 2057 ‘queidem
264 1978 433 2038 conduceret
448 1994 477 2037 et
491 1998 597 2057 pacem,
608 1998 694 2057 quam

98 2063 109 2094 ‘
123 2063 223 2123 bellum
235 2065 404 2142 probabam3
425 2084 492 2142 ergo
505 2080 644 2143 raptorem
659 2064 694 2127 fi·

98 2147 109 2178 ‘
123 2148 177 2206 liae
188 2169 274 2222 meae,
293 2148 458 2210 violatorem
471 2149 590 2211 foederis
611 2151 694 2217 vestri

98 2232 110 2266 ‘
126 2236 293 2308 Arminium,
301 2235 373 2313 apud
384 2242 500 2311 Varum,
512 2240 560 2316 qui
574 2254 632 2299 tum
643 2260 695 2299 ex·

99 2319 110 2350 ‘
126 2321 223 2379 ercitui
232 2319 408 2400 praefidebat,
421 2343 496 2382 reum
506 2325 577 2397 feci5
590 2324 694 2385 dilatus

97 2406 108 2436 ‘
124 2403 236 2482 segnitia
248 2409 337 2482 ducis,
350 2410 414 2487 quia
424 2430 519 2488 parum
531 2408 694 2488 praefidiiin

99 2492 108 2526 ⁶
120 2491 228 2575 legibus
238 2511 308 2575 erat,
328 2510 359 2555 ut
373 2514 430 2574 me,
442 2511 470 2557 et
480 2498 650 2576 Arminium,
664 2512 695 2561 et
