1538 3330
137 135 202 200 344
252 136 283 180 e.
302 136 497 179 contuntur
516 133 666 177 racrrr

132 224 225 296 viora,
244 236 272 279 et
290 218 455 280 offensiones
477 222 516 280 ob
533 219 730 299 rempublicam

132 322 263 386 coeptas:
280 307 383 386 ‘utque
396 312 492 367 Macro
504 306 673 386 praescitus,
683 305 730 362 tri·

135 394 145 426 ⁴
157 395 589 472 hunorumqueetcenturionum
598 388 730 471 pauci,se·

135 479 221 539 ‘cum
236 480 397 554 introirent,
415 481 547 558 quotient
567 481 674 538 curiam
689 478 731 535 in·

131 565 143 598 ‘
155 564 334 644 grederetur‚’
346 567 456 649 petivit,
468 565 596 644 facioque
603 563 691 642 large,
704 577 731 622 et

130 649 188 712 fine
198 649 410 732 praescriptione
416 654 537 730 generis,
551 667 601 709 aut
610 651 732 723 numeri,

131 735 377 814 senatusconsulto,
388 757 424 798 ne
436 741 507 798 teda
517 736 633 816 quidem
644 737 732 812 urbia,

130 825 203 886 adeo
219 825 359 903 publicum
370 820 512 884 confilium
529 843 686 902 numquam
703 843 732 882 a·

129 910 195 987 dite,
211 911 301 971 deviis
312 911 473 990 plerumque
482 911 633 970 itineribus
644 911 732 985 ambi·

130 1017 199 1076 gent
207 999 323 1076 patriam
330 1011 359 1057 et
366 996 520 1058 declinant.
531 1005 647 1057 Interea
655 990 762 1076 mag-16

129 1105 168 1146 na
179 1087 223 1144 via
234 1081 421 1144 accusatorum
433 1085 463 1143 in
479 1103 529 1144 eos
541 1085 666 1164 inrupit,
684 1085 731 1165 qui

129 1173 260 1250 pecunias
268 1170 384 1229 foenore
392 1171 573 1244 cubitabat,
583 1170 730 1231 adversum

128 1255 217 1333 legem
227 1255 371 1316 dictatorie
381 1253 516 1332 Caesarie,
528 1275 586 1336 qua
598 1259 608 1290 ‘
621 1258 658 1318 de
670 1277 730 1319 mo·

128 1340 190 1401 ‘do
201 1341 342 1417 credendi,
361 1341 567 1422 possidendique
583 1345 729 1404 intra-lta·

128 1427 360 1501 ‘liam'caveturr
373 1427 496 1488 omissam
504 1429 584 1504 olim,
599 1433 667 1511 quia
675 1431 728 1511 pri·

125 1529 197 1574 ¹vato
205 1513 263 1573 usui
271 1517 374 1574 bonum
382 1516 523 1594 pubiicum
537 1516 726 1595 postponitur.

128 1599 193 1661 sane
203 1616 282 1660 vetus
296 1604 355 1660 urbi
368 1601 498 1662 foenebre
513 1604 634 1681 malum,
647 1621 675 1666 et
691 1604 727 1664 se·

127 1685 266 1746 ditionum
285 1687 536 1768 discordiarumque
561 1695 727 1752 creberrima

126 1772 231 1834 cauffo:
242 1794 331 1852 eoque
338 1776 514 1834 cohibebatur
522 1780 651 1858 antiquie
660 1801 727 1859 quo-

126 1879 181 1940 que
192 1877 219 1919 et
230 1861 323 1918 minus
336 1864 473 1939 corruptis
488 1866 629 1926 moribus.
662 1886 725 1926 nam

125 1949 217 2026 primo
235 1945 378 2006 duodecim
396 1947 494 2007 tabulis
511 1948 650 2029 sanctum,
666 1956 675 1985 ‘
691 1972 726 2012 ne

126 2032 211 2111 ‘quis
224 2034 349 2091 unciario
360 2032 475 2091 foenore
483 2036 603 2113 amplius
612 2060 725 2101 exerce·

124 2117 209 2193 ‘ren’
227 2139 288 2176 cum
301 2133 381 2176 antea
396 2139 432 2176 ex
447 2120 562 2181 libidine
575 2123 726 2206 locupleti·

124 2224 172 2265 um
184 2206 348 2280 agitaretur:
360 2203 424 2263 dein
440 2210 587 2283 rogatione
605 2214 724 2274 tribuni·

122 2293 177 2363 eia,
186 2288 220 2347 ad
231 2287 381 2350 semuncias
390 2289 498 2350 redaeia
508 2315 517 2352 t
526 2293 668 2372 postremo
676 2320 727 2360 ve·

124 2378 175 2436 rita
186 2373 313 2448 versura,
327 2375 471 2456 multisque
481 2379 568 2458 plebis
583 2384 661 2447 scitis
673 2391 724 2448 ob·

121 2467 200 2532 viam
213 2467 288 2529 itum
299 2462 464 2536 trandum,
479 2483 552 2541 opine
559 2475 670 2531 rubent
682 2495 724 2531 xe·
