1628 2940
223 135 584 185 natumnatum.
647 136 710 201 333

116 212 216 292 valit‚‘
231 238 281 278 cur
296 233 390 276 mutua
403 214 577 277 accusatione
593 218 713 292 intenta,

119 301 348 363 ‘nunclilerentl
363 318 465 363 metum
475 302 713 382 prorsuaetnuxi·

116 389 127 424 ‘
142 411 187 449 am
198 389 381 450 conscientiae
393 410 444 468 pro
452 389 561 450 foedere
567 391 672 462 haberi3
685 403 715 450 at

116 476 127 510 ⁸
143 497 203 536 non
215 479 340 556 patribus
358 476 497 536 reticenda
509 495 579 554 quae
596 475 716 536 audivis-

116 561 128 597 ‘
142 561 226 623 sent!
253 564 372 641 Regulus
384 562 395 595 ‘
408 581 518 622 manete
529 578 638 642 tempus
649 561 714 622 ulti·
742 637 750 646 ι

117 647 129 683 ‘
141 651 220 724 onis,
231 646 311 729 seque
322 669 417 710 coram
432 651 557 728 principe
569 646 714 708 exsecutu-

117 733 202 794 ‘rum
210 737 230 796 ι’
243 737 316 795 Trio
330 736 560 796 ‘aemulationem
569 736 642 792 inter
653 733 714 793 col·

116 819 130 856 ‘
143 821 232 900 legat,
240 820 295 882 etst
303 843 358 902 qua
367 816 651 898 discordesjecill'ent,
659 838 715 880 tue·

117 906 196 970 (lius
214 908 392 984 oblitterari‚’
415 907 565 988 respondit,
599 921 716 986 urgente

120 998 255 1077 Agrippa,
264 997 433 1078 Sanquinius
440 996 582 1055 Maximus
591 1015 606 1052 e
614 990 716 1055 conlu-

118 1082 223 1144 latibut
236 1085 329 1144 oravit
345 1081 479 1155 senatum,
499 1080 558 1140 ‘ne
572 1101 650 1140 curas
662 1082 715 1141 im·

119 1168 132 1204 ⁴
142 1171 290 1250 peratoria,
296 1166 458 1248 conquisitis
465 1165 575 1246 insuper
582 1170 715 1228 acerbita-

117 1255 131 1290 ‘
146 1258 220 1315 tibus
234 1270 382 1332 augerentt
400 1252 522 1316 sufficere
532 1252 619 1335 ipsum
632 1251 716 1314 ssatu-

120 1338 133 1376 ‘
147 1340 228 1402 eadit
235 1342 370 1402 ‚remediis
381 1345 406 1415 ;'
417 1340 453 1401 lic
464 1340 570 1417 Regulo
588 1338 671 1415 lalus,
687 1353 716 1400 et

120 1430 225 1491 Trioni
233 1427 330 1489 dilatio
340 1429 418 1488 exitii
430 1425 559 1508 quaelita.
584 1428 715 1487 Haterius

118 1513 233 1578 invifiot
245 1514 309 1590 fuit,
322 1517 387 1595 quia
398 1514 497 1576 somno
508 1527 555 1573 aut
563 1511 716 1587 libidinolit

119 1602 223 1682 vigiliis
230 1602 407 1677 marcidua,et
416 1603 453 1662 ob
461 1599 614 1679 segnitiam,
620 1620 717 1679 quam·

120 1692 166 1750 via
183 1688 320 1748 crudelem
338 1690 490 1768 principem
502 1707 561 1747 non
577 1702 716 1762 metuens,

120 1772 277 1833 inlustribus
290 1775 356 1831 vitia
365 1775 513 1853 perniciem
523 1773 597 1832 inter
603 1792 719 1851 ganeam

92 1881 109 1942 5
123 1879 156 1920 ac
163 1857 253 1940 stupra
263 1858 453 1920 meditabatur.
465 1861 538 1919 Exin
550 1863 634 1918 Cotta
644 1855 719 1918 Mes·

123 1945 237 2009 salliuua
249 1944 410 2006 saevillimae
421 1943 554 2025 cujusque
569 1944 721 2006 sententiae

122 2038 230 2110 audior,
250 2051 340 2111 eoque
359 2032 513 2093 inveterata
525 2031 648 2106 invidia,
672 2031 722 2093 ubi

123 2123 243 2203 primum
248 2118 364 2180 facultas
371 2118 571 2197 data,arguitur
578 2117 719 2198 pleraquet

124 2213 160 2269 c.
174 2205 317 2268 Caesarem
324 2203 398 2284 quali
409 2205 523 2266 incestae
535 2204 686 2279 virilitatis,
693 2217 722 2264 et

123 2314 187 2356 cum
198 2295 243 2356 die
256 2292 342 2354 natali
355 2289 491 2370 Augustae
506 2293 581 2352 inter
596 2288 721 2350 sacerdo·

125 2397 168 2442 tea
180 2381 349 2462 epularetur,
362 2388 381 2425 ⁴·
392 2377 588 2440 novendialem
600 2396 724 2445 eamcae·

124 2487 191 2530 uam
198 2463 482 2550 dixilletqueteusque
488 2463 523 2530 de
528 2462 655 2546 potentia
660 2467 723 2527 tta·
