1628 2940
166 102 230 184 306
258 123 288 166 c.
306 121 497 166 conant
515 120 660 165 netur

163 203 307 283 quisalius
319 222 414 282 regum
429 201 520 275 dodim
533 222 598 262 uam
609 199 758 280 scriptores

162 293 240 351 inco
251 289 428 362 dissentiam
450 305 539 350 cetera
556 307 617 349 uon
631 288 758 364 ambigua

163 375 237 451 sunt,
246 396 357 457 magnas
370 397 416 437 eat
428 375 758 457 copiacperplentetiam

163 484 194 524 uc
202 463 264 525 soro
272 468 429 544 propinqua
436 461 576 537 habitasse,
584 460 660 521 uude
667 457 758 521 Thus·

162 571 226 612 cum
240 553 357 612 vicume
367 551 507 612 vocabulo
520 550 691 610 advenarum
699 547 758 607 dic·

163 653 234 701 tum.
291 638 343 698 Sed
357 653 389 698 ut
401 636 488 698 studia
499 655 657 716 procerum,
669 650 698 693 et
707 632 794 698 lar-66

162 724 232 804 gitio
244 726 380 806 principia
399 721 543 785 adversum
558 719 650 783 casum
668 719 760 782 solati·

163 830 211 871 um
224 811 360 886 tuleranr;
373 814 412 872 ita
423 808 612 870 accusatorum
622 807 716 886 major
729 808 759 867 iu

163 896 223 959 dica
234 914 261 958 ct
270 897 392 959 insellior
404 899 446 959 rie
453 895 509 957 fine
519 897 680 956 levamento
687 891 759 973 grase

163 983 288 1045 sabatur:
301 987 528 1066 corripueratque
536 988 644 1043 Varum
654 983 760 1059 Quinta

165 1071 255 1131 tilium
271 1071 385 1132 divitem
396 1088 425 1132 ct
439 1069 546 1130 Caesari
557 1072 761 1149 propinquum,

85 1204 88 1209 Δ
165 1160 308 1219 Domitius
326 1158 403 1234 Afer,
415 1157 547 1217 Claudiae
558 1156 695 1217 Pulchrae
703 1176 762 1218 mu·

165 1246 216 1304 tria
226 1244 286 1323 ejus
301 1246 523 1317 condemuat0r;
538 1242 617 1304 nullo
628 1245 759 1319 mirante5

165 1331 242 1413 quod
250 1332 297 1391 diu
309 1351 404 1410 egena,
418 1347 446 1391 et
454 1347 534 1411 parto
545 1333 760 1410 nupcrpraemio

164 1421 236 1481 male
252 1417 327 1493 usus,
341 1419 420 1500 plura
441 1417 475 1477 ad
487 1418 588 1495 flagitia
603 1419 761 1496 accingere·

164 1522 219 1566 tur.
244 1506 371 1566 Publium
384 1504 556 1565 Dolabellam
567 1501 673 1564 socium
687 1504 761 1566 dela·

166 1595 253 1652 tionis
262 1592 398 1667 exstitisse,
408 1591 542 1652 miraculo
553 1607 623 1666 erat,
633 1592 761 1670 quiade·

166 1681 204 1738 ris
220 1680 383 1754 majoribus,
394 1695 421 1737 et
436 1686 512 1738 Varo
521 1699 680 1754 connexus,
687 1677 761 1740 suum

166 1763 222 1844 ipse
236 1767 420 1839 nobilitatem,
435 1764 511 1824 suum
527 1763 689 1843 sauguinem
701 1786 760 1848 per·

167 1853 255 1912 ditum
273 1855 341 1913 ibat.
374 1852 469 1912 restitit
491 1868 582 1910 tamen
598 1850 721 1929 senatus,
736 1866 763 1912 et

167 1939 388 2018 ‘opperiendum
407 1941 610 2018 imperatorem'
633 1939 761 2009 censuita

166 2026 243 2102 quod
255 2047 352 2098 unum,
366 2027 521 2102 urgentium
530 2026 668 2085 malorum
680 2025 764 2087 suffu-

168 2112 245 2184 gium
257 2114 285 2168 in
297 2127 402 2191 tempus
412 2128 480 2170 erat.
535 2121 572 2171 At
584 2111 683 2173 Caesar
691 2112 796 2182 dedi-67

168 2199 237 2254 catis
255 2218 303 2277 per
325 2201 504 2278 Campaniam
521 2199 644 2278 templis,
668 2220 765 2279 quam·

169 2297 253 2355 quarn
270 2284 358 2346 edicio
371 2284 527 2357 monuisset,
539 2286 548 2317 ‘
563 2307 596 2344 ne
609 2288 673 2365 quis
690 2289 766 2366 quie·

169 2363 252 2430 ‘tem
273 2374 332 2450 ejus
354 2375 545 2449 inrumperct‚’
566 2371 767 2451 concursusque

169 2459 375 2538 oppidanorum
388 2456 515 2538 disposito
531 2457 620 2519 milite
636 2463 767 2540 prohibe·
