1628 2940
138 189 497 232 Arrarrtrrrrrnav.
562 182 620 248 311

26 272 37 297 ·'
54 285 161 331 tantam
180 270 314 329 invidiam
333 266 425 327 adiiffe
444 268 454 325 ἓ
476 267 625 347 quaesitum

28 374 39 393 ¹¹
52 347 282 434 meditatamque,
295 376 331 415 ne
346 354 413 434 quid
424 352 556 433 impedire
567 374 626 415 cre·

34 445 42 479 ³
58 445 152 518 datur,
174 462 232 522 quo
249 443 343 501 minua
362 443 430 501 novi
445 438 629 518 magistratus,

34 533 42 563 ²
59 550 118 610 quo
129 528 215 590 modo
223 527 487 601 delubraetalraria,
493 525 531 587 fic
537 548 628 587 carce·

39 617 115 677 ‘rem
124 614 287 676 recludant)
309 613 416 673 secutae
431 613 541 693 insuper
553 614 630 674 litte·

35 724 94 776 rae,
101 703 336 778 gratesagentia,‘
349 701 426 781 quod
434 702 575 760 hominem
583 704 629 760 in·

36 791 46 817 “’
60 786 165 848 sensum
181 788 344 865 reipublicae
358 786 560 868 puniviffentr'
581 786 630 848 td·

33 879 124 955 serio,
132 874 142 907 ⁴
151 873 285 954 trepidam
293 874 340 935 fibi
348 872 631 954 vitam,suspedasin·

38 988 41 993 ·
61 959 351 1038 imicomminfidias,’
369 961 448 1021 nulio
466 963 632 1022 nominatim

39 1048 221 1129 compellato:
242 1069 333 1127 neque
350 1064 440 1107 tamen
455 1049 634 1108 dubitabatur

46 1141 75 1198 in
84 1143 225 1197 Neronem
234 1152 262 1195 et
270 1138 450 1216 Agrippinam
460 1136 578 1195 intendi.
594 1136 633 1195 Ni

39 1224 108 1285 mihi
119 1222 282 1282 destinatum
291 1223 375 1296 foret,
387 1220 462 1281 suum
475 1242 597 1302 quaeque
604 1224 636 1282 irt

42 1328 148 1370 :tarnum
159 1306 271 1382 referre,
286 1300 384 1369 'avebat
397 1311 508 1368 animur
519 1312 637 1386 anteire,

45 1395 187 1474 statimque
197 1413 349 1455 memorare
358 1397 461 1470 exitus,
473 1415 546 1473 quoa
557 1395 635 1453 Lati·

42 1485 197 1561 niteatque
209 1479 307 1562 Opfius
320 1484 457 1560 ceterique
468 1483 565 1559 flagitii
577 1482 637 1558 ejus

53 1585 198 1651 epertores
219 1570 352 1643 habuere,
380 1589 440 1627 non
461 1567 546 1627 modo
564 1566 637 1648 post·

53 1675 127 1738 luam
139 1661 173 1716 C.
187 1655 282 1715 Caesar
299 1676 389 1715 rerum
402 1657 507 1734 potitus
522 1654 571 1729 est,
593 1652 639 1714 sed

55 1741 178 1802 neelami
193 1743 323 1801 Tiberio:
343 1745 392 1820 qui
402 1741 533 1800 scelerum
543 1741 640 1800 minis·

59 1845 118 1900 rot,
133 1839 166 1884 ut
184 1829 306 1905 perverti
324 1830 359 1907 ψ
377 1827 437 1886 aliia
453 1827 579 1900 nolebat3
600 1829 640 1888 ita

47 1914 209 1990 rerumque
217 1909 478 1988 satiatus,et0b1atis
490 1917 519 1974 in
527 1914 641 1976 eandem

48 2018 161 2083 ¹aperam
173 2000 340 2072 recentibus,
354 2015 460 2059 veteres
472 2017 501 2060 et
513 2021 641 2080 praegra-

49 2107 96 2147 ves
108 2085 231 2146 adflixit:
245 2104 341 2145 verum
353 2090 401 2146 has
411 2101 494 2166 atque
505 2088 572 2146 alias
581 2086 643 2148 son·

49 2176 117 2235 iarn
126 2192 239 2254 poenae,
248 2175 279 2232 in
288 2188 411 2252 ternpore
420 2173 570 2234 trademus.
582 2189 643 2235 turra

48 2261 153 2322 rensrrit
165 2258 274 2320 Asrnius
288 2259 395 2335 Gallus,
408 2261 486 2339 cujus
494 2261 644 2321 liberorum

60 2349 202 2427 tgrippina
209 2361 356 2407 matertera
367 2363 435 2422 erat,
448 2345 616 2429 ‘petendum
627 2369 644 2406 a

48 2448 56 2469 ¹
71 2435 207 2516 principe,
220 2448 252 2493 ut
260 2448 350 2495 merua
363 2431 426 2494 suos
434 2433 537 2495 senatui
545 2432 645 2493 fatere·

50 2524 59 2555 ¹
76 2534 135 2601 tur,
147 2523 329 2603 amoverique
343 2518 472 2589 finem*
483 2520 592 2585 trullam
601 2538 647 2578 ae·
