1628 2940
70 257 639 349 ANNALIUM

133 470 311 533 LIBER
342 465 577 530 PRIMUS.

101 643 176 694 Sex.
190 653 347 704 uenusto,
448 628 464 700 Ι

10 716 13 781 Ι
56 790 59 795 ,
103 739 360 787 cummunio,
458 705 465 791 Ι

10 804 19 881 '-
66 811 413 879 'uuuouucuuuu10,
459 795 597 878 }Coss.

10 890 38 969 ζ’,
65 953 69 958 .
104 912 376 966 onumen-suun,
405 967 408 972 .
446 883 465 967 Ι

16 1020 22 1027 -
104 1000 318 1054 ο.ΝοιιΒΑΝο,
451 971 468 1043 Ι

16 1168 32 1215 ι
145 1154 238 1208 nunu
257 1149 401 1205 Romami
423 1146 561 1226 principio
579 1166 654 1223 reges

17 1302 21 1317 ⁸
166 1237 293 1293 habuere.
325 1234 475 1292 libertatem
497 1249 524 1291 et
546 1233 653 1293 Consu·

10 1350 12 1425 Ι
55 1320 142 1380 latum
154 1327 186 1378 L.
196 1320 432 1379 Brutusinstituit.
456 1322 653 1381 Didaturaead

17 1402 21 1463 ,ἶ
57 1421 166 1484 tempus
176 1405 362 1466 sumebantur:
378 1396 654 1485 neque'Deccmvira·

16 1490 21 1565 J
56 1493 92 1552 lis
104 1494 219 1571 potestas
232 1495 302 1552 ultra
319 1496 469 1567 biennium,
485 1514 573 1573 neque
584 1499 614 1551 T
616 1497 654 1553 ri·
694 1518 706 1555 ,⁴

10 1576 21 1655 Ι
56 1582 193 1640 bunotum
207 1583 322 1640 militurn
340 1579 535 1657 consularejus
545 1581 591 1639 diu
605 1604 654 1641 va·

10 1664 13 1761 Ι
55 1666 118 1726 luit.
144 1690 200 1726 non
211 1671 326 1740 Cinnae,
340 1688 398 1726 non
410 1667 497 1726 Sullae
508 1668 590 1744 longa
602 1669 653 1728 do·

10 1766 13 1783 '
56 1755 192 1811 minatio:
208 1769 236 1810 et
250 1757 370 1832 Pompeii
385 1753 520 1832 Crailique
530 1761 654 1833 potentia

20 1860 22 1867 ·
55 1839 114 1896 cito
123 1840 152 1895 in
160 1837 315 1908 Caesarcm3
329 1840 435 1918 Lepidi,
445 1855 526 1918 atque
536 1845 654 1902 Antonii

55 1945 142 1996 arma,
157 1927 186 1981 iu
200 1924 348 2000 Augustum
363 1924 476 1998 ceffere3
494 1929 542 2004 qui
556 1934 653 1988 cundia
703 1952 705 1959 ·
721 1954 724 1959 ·

10 2024 14 2113 Ι
56 2010 199 2071 discordiis
216 2013 341 2070 civilibus
355 2010 427 2083 fcffa,
443 2015 557 2073 nomine
576 2018 653 2074 Prin·

10 2116 15 2177 Ι
57 2100 124 2176 cipis
138 2097 183 2157 sub
200 2101 342 2178 imperium
355 2102 469 2178 accepit.
494 2097 537 2157 sed
550 2104 651 2160 veteris

10 2180 15 2261 Ι
56 2186 151 2263 populi
162 2190 278 2244 Romani
287 2186 463 2266 prosperavel
471 2188 590 2258 adversa,
601 2188 653 2247 clu·

10 2264 17 2357 Ι
56 2274 95 2345 τῖε
105 2271 279 2349 scriptoribus
295 2288 442 2331 memorata
453 2274 531 2332 sunt:
547 2291 653 2351 tempo-

10 2360 12 2371 '
57 2355 186 2432 ribusque
203 2359 315 2434 Augusti
330 2359 452 2417 dicendis
469 2380 526 2418 non
545 2360 654 2418 defuere
713 2365 740 2401 ’δ’

57 2443 158 2502 decora
169 2444 290 2519 ingenie,
312 2445 400 2503 donec
414 2445 541 2520 gliscente
560 2445 653 2504 adula-

57 2533 136 2590 tione
154 2529 364 2592 detetterentut.
387 2534 507 2610 Tiberii,
528 2533 653 2610 Caiique,

326 2623 395 2681 Μ
647 2676 768 2720 -
