1538 3330
124 153 191 236 236
218 168 624 216 αςοκκειιιτηιτι

121 255 174 314 lius
184 257 276 335 Scipio
289 255 394 333 legatus
407 252 534 334 praefuit,
547 272 600 331 qua
610 272 687 333 praet

122 345 164 400 tio
176 345 206 400 in
226 346 375 422 Leptinus,
395 357 424 399 et
443 338 558 417 suffugia
569 345 690 399 Garama

122 445 202 501 tum;
216 430 271 488 alio
281 430 418 502 latete,ne
427 424 591 486 Cirtensium
600 427 699 504 pagiin

122 514 525 596 puuetraherentur,propriam
530 532 646 573 manum
653 512 705 573 Blu

123 600 167 663 sua
179 601 250 661 filiua
260 602 358 662 duxit:
371 600 463 661 medio
472 618 535 659 cum
545 598 660 659 deleslia
668 610 711 659 cal

124 676 189 748 aelli
200 703 228 747 et
240 690 412 748 munitiones
429 686 539 747 idoneis
549 684 624 746 locis
637 690 715 766 irnpo

125 795 210 850 neas,
221 773 280 835 dux
290 773 357 854 ipse,
370 790 429 834 arta
440 788 468 833 et
480 770 589 833 infensa
604 771 722 833 hollibue

126 867 225 925 cuneta
243 861 369 935 iecerat3
391 862 456 941 quia
472 878 591 938 quoquo
610 860 727 919 inclina·

126 965 201 1023 rent,
209 968 273 1030 part
285 948 377 1027 aliqua
389 947 484 1007 militia
494 948 616 1007 Romani
624 949 657 1007 in
670 966 728 1023 ote,

126 1036 159 1095 in
167 1035 261 1109 latere,
269 1052 297 1095 et
304 1032 381 1116 saepe
392 1038 495 1111 atergo
504 1047 579 1093 erata
593 1035 729 1115 multique

128 1140 163 1181 eo
177 1121 263 1181 modo
279 1120 359 1198 caeli,
376 1136 424 1181 aut
438 1122 635 1182 circumventi.
664 1136 731 1182 tunc

128 1210 297 1286 tripartitum
313 1209 464 1267 exercitum
476 1205 569 1284 plures
588 1208 619 1265 in
632 1225 732 1269 manue

128 1292 271 1374 dispergit,
277 1296 475 1373 praeponitque
482 1294 668 1355 centuriones
676 1297 730 1356 vit·

130 1382 199 1453 tutis
209 1396 352 1459 expertae:
375 1401 438 1454 nec,
452 1395 483 1438 ut
495 1400 558 1439 moa
570 1379 674 1457 ἦκται,
688 1402 732 1443 ae·

131 1481 161 1528 ta
173 1466 270 1529 aestate
281 1469 395 1526 retrahit
410 1468 519 1547 copias,
539 1482 588 1525 aut
601 1470 631 1527 in
640 1471 732 1530 hiber·

131 1554 239 1614 natulis
258 1555 359 1612 veteris
380 1555 541 1632 provinciae
561 1558 732 1637 componite

132 1638 178 1698 sed
189 1655 219 1698 ut
231 1642 261 1698 in
274 1639 368 1698 limine
376 1640 451 1713 belli,
460 1638 598 1718 dispositis
607 1641 733 1720 castellis,

133 1746 182 1805 per
202 1728 348 1805 expeditos
368 1741 396 1785 et
417 1726 597 1787 solitudinum
617 1749 733 1809 gnaros,

133 1828 286 1872 mutantem
306 1812 423 1892 mapalia
445 1812 655 1875 Tacfarinatem
670 1837 732 1898 pro·

133 1903 244 1970 turbat;
258 1900 349 1957 donec
362 1899 512 1978 fratreejus
525 1917 620 1980 capto,
633 1904 734 1982 regres-

134 1984 178 2044 sus
191 1985 236 2057 ell,
251 1989 445 2064 properantius
455 2001 545 2045 tamen
559 2008 644 2066 quarn
655 2010 694 2049 ex
705 2009 736 2048 u·

134 2073 234 2130 tilitate
256 2071 405 2145 sociorum,
421 2072 519 2131 reliitia
541 2093 590 2149 per
602 2096 677 2155 quos
694 2096 736 2136 re·

134 2155 255 2234 surgeret
270 2157 383 2216 bellum.
407 2156 453 2217 sed
463 2161 595 2218 Tiberius
605 2182 658 2240 pro
667 2184 736 2223 con·

134 2242 207 2301 terto
224 2244 433 2322 interpretatus,
456 2246 484 2304 id
506 2265 621 2326 quoque
641 2248 736 2310 Blaeso

136 2330 244 2400 tribuit,
259 2346 290 2387 ut
302 2333 450 2409 imperator
469 2336 484 2389 a
498 2333 655 2407 legionibus
666 2334 736 2396 salu·

136 2428 254 2486 raretum
280 2416 367 2493 prisco
384 2438 446 2493 erga
461 2418 544 2477 duces
553 2423 675 2498 honore,
688 2425 738 2503 qui

138 2502 210 2561 bene
229 2503 300 2583 gesta
320 2504 459 2584 republica
475 2505 577 2584 gaudio
592 2522 620 2567 et
631 2510 739 2593 impetu

118 2652 154 2856 l
