1538 3330
137 138 181 197 ,50
235 136 264 177 C.
283 135 477 176 contient}
497 133 642 175 uerri

138 223 144 246 ‘
163 217 312 274 adhibenda
322 214 455 287 fomenta,
468 216 571 273 utferre
581 237 673 293 pacem
685 240 731 277 ve·

134 305 142 333 ‘
157 305 231 360 linr.'
278 310 422 359 Immotum
433 301 557 360 adversus
567 324 615 360 eos
628 303 739 367 sermo,

134 411 184 450 nes
194 389 335 466 fixumque
349 391 466 446 Tiberio
483 388 547 460 fuit,
565 411 625 448 non
645 394 730 450 omit·

134 491 393 554 tetecapntrerum,
407 495 497 554 neque
505 473 530 534 se
539 496 651 555 remque
659 481 730 555 pub·

135 563 218 623 licam
231 564 261 621 in
274 560 363 621 casnm
375 560 449 621 date.
483 560 570 621 multa
585 566 689 641 qnippe
700 580 733 627 et

136 647 243 712 diversa
262 649 418 726 angebant:
438 646 449 678 ‘
468 647 586 707 validior
598 668 646 728 pet
658 655 733 710 Ger·

134 738 145 770 ‘
160 737 280 797 maniam
288 735 442 803 exercitus;
454 736 568 813 propior
576 733 649 812 apud
658 742 733 797 Pan.

136 824 147 856 ‘
159 824 292 883 noniamz
316 819 362 881 iiie
383 819 535 878 Galliarum
556 819 733 900 opibuesub·

136 909 147 943 ‘
162 911 257 982 nixus,
268 909 314 967 hic
324 906 418 966 italiae
427 907 590 969 imminens:
600 927 674 986 quoe
682 911 734 988 igi·

136 995 147 1027 ‘
160 1011 206 1055 tut
220 993 387 1055 anteferret?
407 1012 451 1067 ac,
465 1013 499 1050 ne
508 991 651 1073 postpofiti
662 1017 734 1056 con·

136 1079 271 1139 ‘tumelin
289 1077 513 1138 incenderentur.
548 1095 577 1138 at
595 1102 660 1183 pet·
658 1080 733 1143 filios

135 1168 263 1286 ‘paritet
274 1165 355 1247 odiri,
369 1163 509 1243 majestate
519 1161 604 1243 salva,
616 1170 661 1228 cni
674 1189 734 1228 ma·

135 1252 205 1330 ‘jor
218 1256 233 1311 ὲ
248 1242 406 1332 longinquo
420 1255 590 1326 reverentia;
612 1252 733 1314 fimnln·

139 1336 364 1399 ‘dolescentibus
379 1337 537 1399 excusatum
552 1340 686 1418 quaedam
698 1338 734 1400 nd

139 1426 270 1505 ‘patrem
293 1425 426 1503 rejicete:
450 1424 641 1502 refistentisque
658 1432 734 1484 Ger-

137 1514 147 1544 ‘
161 1513 282 1585 manico,
295 1527 342 1569 aut
357 1508 534 1592 Dtnsopoffe
544 1508 593 1570 ‘ase
607 1509 732 1586 mitigari

138 1599 147 1629 ‘
162 1597 205 1656 vel
217 1597 350 1675 infringi:
371 1595 446 1675 quod
468 1596 541 1658 aliud
556 1592 732 1655 snbfidiumfi

137 1684 148 1717 ‘
163 1687 354 1764 imperatorem
367 1683 523 1762 sprevissent
534 1686 555 1743 i’
569 1697 690 1743 ceterum
701 1699 734 1743 ut

136 1772 194 1848 jam
207 1772 321 1848 jamque
338 1771 427 1828 iturus
441 1769 509 1846 legit
520 1773 648 1844 comites,
663 1791 735 1835 con·

138 1855 248 1936 quisivit
257 1855 461 1936 impedimenta,
476 1854 623 1915 adornavit
635 1877 735 1917 naves:

139 1963 208 2009 mox
217 1945 344 2016 hiemem,
360 1957 407 2000 aut
423 1943 536 2018 negotia
543 1943 618 1999 varie
631 1940 736 1999 causia-⁸

58 2078 61 2082 ,
139 2021 735 2127 tus,primoprudentes‚deinvulgum,diu·

139 2115 232 2177 tiffime
244 2115 402 2193 provinciae
414 2109 519 2170 fefellit.
565 2115 603 2165 At
616 2114 733 2171 Germa·

139 2203 392 2281 nicusqnamqnam
406 2199 548 2257 contraeio
561 2197 700 2270 exercitu,
705 2215 735 2258 et

140 2303 232 2366 potata
240 2292 269 2347 in
277 2285 426 2347 defectores
433 2276 672 2355 uitione,dandum
683 2285 734 2344 ad-

137 2374 193 2433 huc
211 2373 240 2453 sp
242 2374 327 2433 atium
346 2386 432 2445 tatus,
451 2367 588 2429 fitecenti
604 2370 734 2450 exemplo

138 2457 187 2521 fibi
199 2459 248 2543 ipfi
263 2454 449 2534 consulerent,
462 2456 615 2538 praemittit
625 2455 732 2524 litterae
