1628 2940
109 148 171 227 184
222 167 632 212 connutritor-rr

104 275 167 316 eum
181 254 287 336 pudore
297 270 326 314 et
342 254 446 330 flagitio
458 252 590 327 disseruit,
601 254 699 315 matria

103 363 197 425 preces
209 341 378 403 obtendens:
391 342 420 398 in
435 360 519 420 quarn
533 342 633 421 optimi
649 360 699 401 tu·

100 428 200 510 jusque
219 428 312 490 secreti
331 424 440 506 questus
463 428 552 504 magia
579 426 699 488 ardesce-

103 520 188 577 bant:
209 514 220 548 ‘
232 514 260 575 id
271 533 338 591 ergo
349 512 391 571 sat
403 515 482 572 avite
491 511 700 574 interfectricem

103 603 114 636 ⁸
127 603 238 683 nepotis
253 598 399 679 adspicere,
413 597 539 678 adloqui,
548 598 700 678 eriperese·

104 688 115 724 ‘
128 687 228 749 nutui?
254 683 330 766 quod
343 704 395 765 pro
407 686 537 744 omnibus
545 686 651 745 civibus
659 686 699 746 se·

102 774 114 811 ‘
124 795 173 855 gea
181 772 698 843 obtineant‚uniGerrnanicononcon·

103 860 116 897 ⁴
128 859 230 939 tigissei
248 857 356 917 Vitellii
370 871 399 916 et
407 859 523 916 Veranii
535 877 604 917 voce
615 859 698 918 defle·

104 948 187 1006 ‘tum
200 942 354 1014 Caesarem3
371 945 406 1001 ab
417 943 583 1021 imperatore
595 958 624 1002 et
638 951 699 1003 Au·

104 1031 205 1111 ‘gusta
224 1027 362 1091 defensam
376 1027 550 1087 Plancinam!
578 1030 699 1107 proinde

104 1119 116 1154 ‘
126 1138 243 1191 venena,
253 1133 281 1175 et
292 1130 363 1175 artes
375 1128 431 1173 tarn
442 1111 558 1172 feiiciter
568 1131 696 1193 expertae

104 1205 246 1264 ‘verteret
261 1204 291 1262 in
307 1201 499 1282 Agrippinam,
509 1201 538 1258 in
551 1199 654 1259 liberos
666 1221 696 1259 e·

105 1290 189 1370 ‘jus‚
207 1292 398 1368 egregiamque
414 1289 507 1347 avium
522 1307 554 1347 ac
569 1302 697 1366 patruum

104 1377 264 1454 ‘sangnine
281 1373 444 1434 miserrimae
460 1373 560 1433 domna
581 1371 698 1434 exsatia-

104 1464 115 1500 ‘
127 1466 191 1523 ret.'
212 1461 325 1522 biduum
335 1459 415 1540 super
425 1465 490 1520 haec
501 1463 620 1538 imagine
631 1481 697 1538 cog·

105 1550 222 1609 nitionis
241 1545 427 1627 absumptum3
447 1562 563 1624 urgente
581 1549 698 1607 Tiberio

104 1635 206 1695 liberos
215 1631 333 1709 Pisonis,
343 1636 352 1665 ‘
362 1648 476 1692 matrem
487 1635 525 1691 uti
535 1636 699 1693 tuerentur?

104 1736 131 1780 et
150 1740 212 1780 cum
233 1717 403 1779 accusatores
421 1738 453 1777 ac
475 1717 553 1777 testeo
572 1721 697 1780 certatim

104 1821 265 1888 perorarent
281 1803 461 1883 respondente
480 1805 568 1878 nulio,
587 1803 697 1865 misera·

104 1896 144 1954 tio
154 1912 235 1971 quam
243 1891 347 1949 invidia
354 1890 511 1967 augebatur.
522 1892 627 1968 primus
635 1889 697 1951 send

103 1981 220 2038 tentiam
235 1993 347 2052 rogatus
366 1975 491 2035 Aurelius
503 1981 585 2035 Cotta
599 1976 697 2052 consul
727 2024 732 2033 .

104 2063 183 2134 (nam
195 2061 329 2119 referente
346 2059 458 2119 Caesare
477 2061 649 2138 magistratus
661 2084 698 2124 eo

102 2152 184 2209 etiam
194 2167 305 2205 munere
312 2145 528 2222 fungebantur)‘
537 2169 642 2208 nomen
651 2153 697 2209 Pi·

103 2233 203 2292 ‘sonia
217 2232 364 2291 radendum
373 2231 444 2290 sestis
453 2232 574 2306 censuit;
588 2252 696 2314 partem

101 2319 261 2376 ‘bonorum
278 2318 488 2397 publicandam
510 2340 572 2397 para
589 2337 620 2379 ut
637 2329 695 2383 Cu.¹

101 2403 112 2439 ‘
126 2401 217 2462 Pisoni
233 2405 292 2464 filio
303 2405 510 2478 concederetur,
523 2405 600 2484 isque
615 2427 695 2486 prae·

104 2509 229 2556 nomen
238 2507 367 2558 mutaret.
389 2498 431 2554 M.
440 2490 500 2566 Piso
508 2507 592 2553 exuta
603 2492 697 2572 digni·
