1538 3330
139 141 183 200 44
232 126 629 184 c.connen11nncin1

137 228 227 301 ‘juris
244 226 393 284 violatores
410 224 536 282 habetet?
553 223 615 280 illos
635 220 726 282 saltem

135 313 144 342 ‘
159 333 211 369 avo
219 330 246 370 et
259 311 420 390 reipublicae
431 311 575 368 redderet?
588 310 633 368 diu
645 330 727 367 cunc-

136 414 220 471 tatus,
240 397 429 477 aspernantem
446 417 573 469 uxorem,
594 416 656 454 cum
676 395 685 426 ‘
706 392 732 452 se

135 485 144 516 ‘
158 484 225 544 divo
237 483 358 561 Augusto
367 498 559 563 ortam‚neque
569 481 732 559 degenerem

135 570 192 630 ‘ad
215 570 342 652 pericule‘
369 567 522 640 testaretur,
543 568 680 646 postremo
700 589 731 626 u·

136 672 225 717 terum
237 657 309 734 ejus,
321 671 349 716 et
358 675 536 715 communem
548 653 635 714 filium
644 652 733 713 multo

134 764 196 803 cum
208 745 271 804 fletu
280 743 453 822 complexus,
466 756 497 801 ut
505 743 591 800 abiret
600 739 729 820 perpulit.

135 830 278 890 incedebat
287 829 417 889 muliebre
425 843 453 887 et
463 826 611 886 miserabile
620 847 735 904 agmen,

136 916 251 997 profuga
267 915 345 974 ducis
358 930 431 974 uxor
452 912 596 994 parvulum
609 911 665 971 finu
679 910 734 970 fili·

136 1023 183 1062 um
195 1021 310 1080 gerens,
323 1002 510 1060 lamentantes
518 1000 619 1057 circum
629 998 734 1057 amieo·

136 1108 196 1148 tum
208 1089 354 1166 conjuges,
365 1105 434 1164 quae
447 1083 523 1142 simul
536 1085 712 1142 trahebantur
723 1106 732 1155 3

135 1195 188 1235 nec
196 1178 289 1234 minus
298 1170 386 1232 tristes
394 1173 441 1250 qui
455 1171 615 1229 manebant.
662 1175 730 1228 Non
741 1212 760 1270 4

134 1260 261 1319 florentis
268 1255 408 1331 Caesaris,
420 1275 510 1335 neque
519 1251 572 1314 suia
585 1256 614 1314 in
626 1253 732 1328 castris,

134 1343 180 1405 sed
189 1346 265 1405 velut
281 1347 310 1404 in
327 1345 394 1403 urbe
407 1344 478 1403 vitia
496 1340 591 1415 facies,
607 1341 737 1420 gemitus·

134 1452 190 1511 que
201 1453 233 1490 ae
241 1430 379 1511 planetus,
393 1432 476 1490 etiam
488 1428 607 1489 militum
619 1449 695 1506 aures
703 1451 739 1490 o·

136 1539 221 1598 raque
230 1518 386 1578 advertere.
408 1514 625 1599 progrediuntur
636 1532 739 1583 contu-

136 1606 259 1664 berniis:
276 1604 286 1636 ‘
299 1603 362 1684 quia
373 1601 418 1662 ille
431 1602 527 1662 flebilia
540 1599 625 1662 sonna
637 1600 739 1682 i‘quod

136 1688 315 1750 ‘tamtriste?
330 1685 594 1765 feminaainlusttea,
604 1710 663 1750 non
673 1709 740 1751 cen·

137 1775 148 1809 ‘
160 1779 302 1844 tutionem
311 1775 345 1835 ad
354 1775 479 1844 tutelam,
489 1795 548 1836 non
558 1776 685 1852 militem,
695 1777 739 1838 ni·

136 1862 146 1898 ⁴
158 1863 202 1922 hit
211 1864 406 1942 imperatoriae
415 1864 524 1936 uxoris,
536 1879 584 1922 aut
592 1866 740 1924 comitatus

139 1947 150 1982 ‘
162 1947 365 2029 soliti,pergere
374 1947 407 2007 ad
420 1953 742 2023 Treveros,etextetnae

137 2033 148 2068 ‘
162 2033 249 2094 fidei:
275 2033 367 2111 pudor
379 2034 481 2094 indeet
493 2033 641 2109 miseratio,
655 2049 682 2094 et
693 2056 742 2113 pa·

138 2122 190 2178 tria
205 2122 357 2198 Agrippae,
369 2119 480 2198 Augusti
493 2123 538 2180 avi
547 2125 690 2195 memoria,
699 2119 743 2181 so·

138 2226 189 2264 cer.
210 2204 341 2278 Drusum
366 2206 421 2285 ipsa
441 2206 540 2286 infigni
560 2207 745 2282 fecunditate,

140 2291 286 2372 praeclara
298 2292 445 2372 pudicitiae
463 2294 520 2369 jam
538 2295 630 2354 infans
647 2297 675 2353 in
689 2293 746 2354 cas·

141 2380 195 2436 tiis
209 2379 335 2455 genitus,
355 2381 384 2436 in
401 2381 584 2438 contubernio
603 2380 747 2455 legionum

111 2516 114 2531 ,
143 2462 274 2541 οάυέὶιιε,
293 2483 375 2544 quem
391 2465 501 2524 militari
519 2466 655 2525 vocabulo
674 2465 750 2524 Cali-
