1538 3330
123 112 189 175 230
227 108 632 157 excitativum
752 124 756 137 ·

119 198 247 268 Tiberio,
259 197 328 273 quin
338 209 472 274 premeret
483 211 564 264 voce,
575 187 669 263 vultu,
686 209 722 249 eo

119 282 196 362 quod
206 281 261 361 ipse
273 285 434 342 creberrime
446 278 636 354 interrogabat
649 298 656 333 :
673 296 723 335 ue·

119 388 174 447 que
189 369 322 443 refellere,
341 385 388 428 aut
404 367 513 427 eludere
530 365 667 435 dabutur3
691 383 725 424 ec

118 453 196 536 saepe
208 458 292 515 etiam
300 454 489 516 confitendum
497 467 567 527 erut,
578 470 615 511 ue
623 446 727 511 frustra

119 540 299 623 qucefivillet.
333 539 425 604 servos
442 559 556 621 quoquc
571 537 668 612 silani,
691 550 727 597 ut

120 631 267 691 tormentit
279 632 530 708 interrogarentur,
545 629 622 685 celon
631 622 728 703 publi-

119 738 170 778 cuc
183 718 325 798 mancipio
332 730 489 798 'oecepccou
504 728 532 773 et
544 732 581 771 ne
600 712 665 791 quic
674 730 730 770 ne·

119 801 413 880 cessariommjuvaret
430 800 643 882 periclitantem,
663 816 728 859 mn·

117 889 223 971 jeslatic
235 893 350 949 crimina
359 889 554 963 subdebantur,
561 884 689 946 vinclum
697 898 728 945 et

120 977 257 1037 ncceffinu
274 976 379 1037 silendi.
414 978 500 1054 igitur
511 975 598 1054 petito
616 991 727 1052 peuco-

120 1083 183 1123 rum
194 1063 299 1124 dierum
311 1064 466 1141 interjectu,
479 1058 669 1120 defensionem
684 1058 728 1121 sui

120 1148 252 1224 deseruit,
266 1149 335 1210 culis
352 1152 386 1210 ed
408 1148 549 1209 Caesarem
570 1146 731 1224 codicillis,

121 1238 222 1315 quibus
242 1237 376 1297 invidiam
396 1252 426 1296 et
446 1255 538 1316 preces
561 1233 722 1295 miscuerat.

120 1324 253 1383 Tiberius
265 1326 313 1404 qui
332 1326 361 1383 in
377 1323 498 1383 Silanum
515 1324 643 1402 parabat,
659 1341 721 1400 quo
728 1326 765 1388 68

121 1409 276 1472 excusatius
286 1409 334 1472 sub
341 1409 470 1490 exemplo
479 1413 680 1487 acciperentur,
691 1407 727 1469 li·

120 1498 208 1556 bellos
219 1497 277 1556 divi
288 1496 400 1576 Augusti
409 1498 443 1556 de
450 1495 554 1555 Voleso
563 1495 684 1555 Messalla
694 1517 725 1555 e·

116 1582 225 1662 jusdem
238 1583 315 1644 Afiae
326 1582 503 1663 proconsule,
523 1583 680 1662 saliuntque
692 1585 725 1643 in

119 1690 183 1730 eum
207 1669 471 1733 senatusconsultum
499 1672 607 1730 recitati
628 1671 723 1748 jubet.

12 1814 20 1823 ,
120 1771 182 1817 tunt
199 1764 234 1818 L.
244 1757 369 1817 Pisonem
386 1757 550 1817 seutentiam
564 1775 665 1834 rogav,
678 1757 725 1819 ille

54 1882 58 1891 ι
120 1844 726 1924 multumde‘clementiaprincipis'pracfe·

120 1946 178 2005 tus,
191 1933 370 2010 ‘aquaetque
379 1935 437 2008 igni
447 1933 540 1991 Sileno
550 1933 724 1993 interdicen-

120 2017 130 2050 ‘
147 2017 655 2097 dum’censuit,‘ipsumqueininsulam
663 2027 724 2099 Gy·

122 2102 132 2135 ‘
145 2123 221 2162 arum
233 2104 432 2181 relegandum)
453 2105 548 2165 eadem
563 2109 661 2181 ceteri,
673 2105 726 2167 uis}

121 2188 199 2268 quod
217 2195 272 2248 Cn.
292 2192 425 2251 Lentulus
445 2192 454 2224 ‘
470 2191 620 2271 separanda
630 2194 720 2255 Sileni

122 2278 131 2307 ‘
144 2290 267 2335 materna
278 2278 351 2337 bonu
363 2275 479 2358 (quippe
490 2279 541 2338 alia
550 2297 666 2358 parente
673 2302 723 2359 ge·

122 2362 133 2396 ⁴
144 2363 409 2443 niti)rcddcndaque
418 2365 484 2424 filio‘
490 2365 573 2436 dixit,
579 2367 724 2429 adnuente

122 2452 250 2517 Tibeiio.
266 2467 296 2515 ut
305 2451 725 2529 euinctusuolueluuumc·
