1538 3330
76 486 136 533 100
169 490 198 533 c.
216 489 408 533 cotrutrr
426 490 570 534 rner'rr

68 568 153 633 ‘ruin
167 591 199 631 ac
210 571 293 631 merit
306 569 390 631 finem
404 572 534 651 cupiant3
548 570 669 631 hnctcie

70 656 80 687 ‘
93 659 203 736 parari:
220 659 379 737 propiorem
388 658 446 734 jam
464 658 571 731 Albim,
581 676 667 737 quam

70 744 240 815 ‘Rhenum
261 761 352 822 neque
367 743 469 803 bellum
484 743 566 818 ultra,
579 743 668 805 ruodo

71 830 82 863 ‘
94 826 121 889 se
139 831 239 911 patris,
259 830 404 910 patruique
415 827 527 906 vestigia
540 850 666 909 premen-

70 916 81 949 ‘
93 931 149 977 tem
158 914 250 975 iisdem
259 918 287 975 in
298 918 377 975 terris
385 918 517 975 vitiorem
525 914 666 977 fisterent.’

70 1006 226 1066 orationem
235 1001 313 1063 ducis
321 1000 430 1062 secutur
440 1003 559 1063 militum
570 1002 664 1064 ardore

70 1090 231 1171 fignumque
238 1110 345 1170 pugnae
353 1088 458 1150 datum.
504 1096 564 1151 Nee
572 1092 706 1172 Armi-15

71 1181 149 1253 niue,
165 1191 213 1236 aut
225 1179 308 1235 ceteri
320 1182 524 1237 Germanorum
536 1197 665 1257 proceres

70 1266 237 1325 omittebant
248 1260 312 1322 suos
331 1262 446 1343 quisque
463 1262 567 1324 restat-ir
589 1262 665 1324 ‘hos

70 1351 81 1383 ‘
94 1349 145 1410 effe
155 1351 298 1407 Romanos
313 1351 429 1408 Variani
440 1348 663 1428 exerciturfugt·

69 1437 81 1468 ‘
94 1436 222 1509 ciffimot,
234 1436 283 1513 qui
292 1455 329 1494 ne
339 1434 440 1494 bellum
449 1436 610 1512 tolerarent,
625 1435 665 1497 se·

72 1522 229 1581 ‘ditionem
242 1521 398 1582 induerint:
419 1543 537 1601 quorum
554 1543 618 1602 part
633 1543 667 1583 o·

70 1608 79 1640 ‘
93 1606 171 1669 nussa
179 1609 337 1667 vulneribus
346 1611 665 1689 tergum,parsfluttibus

70 1693 80 1725 ‘
94 1710 122 1754 et
130 1695 259 1776 procellis
270 1695 372 1754 iratior
380 1710 468 1768 artus,
483 1694 593 1755 infenfis
604 1716 667 1754 rur·

70 1782 81 1813 ‘
96 1780 154 1843 sum
166 1781 300 1856 hostibus,
319 1778 437 1840 adverfis
452 1781 505 1841 diis
517 1781 664 1856 objiciant,

69 1869 80 1902 ‘
93 1866 170 1930 nulia
181 1870 248 1928 boni
258 1867 313 1947 spe3
327 1866 433 1927 claffem
443 1869 554 1948 quippe,
563 1869 663 1924 travia

70 1956 80 1986 ‘
96 1957 192 2014 oceani
205 1952 334 2033 quaesita,
352 1975 388 2013 ne
409 1955 471 2032 quis
485 1952 662 2012 venientibus

70 2042 81 2073 ⁴
96 2056 264 2114 ocourreret,
279 2062 315 2101 ne
335 2039 428 2118 pulsos
443 2056 592 2120 premeret:
618 2036 664 2097 sed

70 2129 80 2161 ‘
94 2125 665 2198 ubimiscuerintmanuninanevitiisvtn·

71 2214 187 2274 ‘torum
203 2233 376 2273 remorumve
392 2210 549 2285 sutrinum
568 2213 665 2271 memi-

70 2298 193 2359 ‘nifftnt
212 2300 297 2359 modo
319 2299 463 2369 avaritiae,
485 2298 665 2370 crudelitatis,

70 2385 248 2465 ‘superbiae;
268 2383 340 2444 aliud
357 2382 405 2442 fibi
419 2383 565 2461 reliquum,
581 2401 664 2459 quam

70 2472 81 2503 ‘
95 2486 188 2530 tenere
197 2471 349 2530 libertatem
360 2483 408 2528 aut
419 2468 490 2529 mori
502 2482 566 2527 ante
578 2466 664 2527 servi·

70 2556 193 2615 ‘tiumi'
214 2559 257 2616 Sic
268 2554 408 2629 accensos,
422 2570 450 2614 et
457 2553 592 2635 proelium
600 2552 663 2635 pos·
673 2560 710 2622 16

70 2657 165 2704 centes
188 2644 217 2700 in
235 2661 374 2722 campum,
393 2645 437 2701 cui
454 2638 592 2701 Idistaviso
612 2663 666 2703 no·

70 2749 146 2802 men,
158 2727 312 2788 deducunt:
337 2732 360 2785 is
370 2728 476 2787 medius
485 2731 556 2788 inter
569 2728 664 2788 Visur-

71 2816 128 2892 gim
138 2830 164 2876 et
177 2815 274 2895 colles,
287 2830 317 2875 ut
328 2817 403 2896 ripae
418 2816 540 2877 fluminis
552 2814 664 2896 cedunt,
