1628 2940
96 112 161 180 294
190 100 596 158 c.cotutt.rt'r'ttcrrr

96 197 230 271 invidiae,
253 199 261 227 ‘
281 216 340 255 nou
363 191 494 340 qqusdenr,
513 194 563 268 eit,
578 193 696 251 madere

95 284 105 316 ‘
118 284 186 343 divo
204 280 329 360 Augullo
340 284 369 341 vi
397 281 477 356 imae,
488 295 515 339 et
530 276 654 359 polleror
667 297 697 337 e·

96 369 163 448 ‘jus
177 367 320 441 inlectam
338 388 398 428 non
407 369 435 426 in
447 364 697 444 effigiermutasdi·

96 456 219 517 ‘vinum
229 454 352 536 spiritum
370 451 555 527 transfusum
572 450 618 512 sed
629 453 698 511 inta-

96 540 211 622 ‘ginetn
228 562 322 602 veram
336 540 442 602 coelesti
460 539 590 618 sanguine
607 553 698 599 ortatu

97 628 109 664 ‘
123 628 277 706 intelligere
287 626 430 689 discrimen
434 625 582 706 ,suscipere
590 622 695 698 forden

96 712 108 751 ⁸
120 714 216 776 frustra
224 715 368 775 Pulchram
381 712 536 794 praescribi,
548 714 594 773 eui
606 710 662 772 sola
670 731 698 771 e·

97 800 109 837 ¹
120 804 184 865 xitii
196 799 285 863 caulla
292 799 334 878 lit,
345 800 423 882 quod
432 800 613 880 Agrippinam
621 797 699 860 llulte

97 887 108 923 ⁴
121 887 233 970 prorsus
241 887 276 949 ad
287 889 391 949 cultum
402 887 544 965 delegerit,
555 887 642 947 oblita
650 892 699 946 So·

16 978 20 982 ’
95 975 174 1036 ‘liae
186 979 224 1037 ob
240 974 334 1036 eadem
345 973 492 1034 adfliflae)
522 973 617 1034 audita
631 977 700 1036 haee

98 1083 186 1122 rarum
199 1062 303 1124 occulti
321 1064 443 1144 petieris
458 1080 556 1122 uocem
568 1060 697 1136 elicuere,

98 1165 311 1229 correptamque
324 1155 432 1208 Graeco
444 1145 520 1209 versu
534 1146 698 1208 admonuit:

102 1235 189 1294 ‘ideo
206 1235 287 1311 laedi,
300 1236 436 1316 quianon
452 1237 602 1313 regnaret!
636 1236 698 1295 Pul·

99 1324 175 1396 thru,
186 1336 214 1380 et
226 1323 345 1382 Furnius
357 1320 536 1382 damnantur.
561 1321 630 1382 Afer
641 1323 698 1402 pri·

99 1407 699 1485 moribusoratorumadditus,divulgatoiu·

99 1499 195 1575 genio,
207 1511 236 1555 et
247 1495 335 1557 secuta
347 1495 551 1556 adseveratione
564 1494 698 1574 Caesaris,

99 1581 177 1662 qua‘
193 1580 241 1642 suo
250 1584 315 1662 jure
332 1581 479 1642 disertum’
499 1603 561 1642 eum
578 1584 699 1665 appella·

98 1667 699 1750 vit3moxcapellcndisaccusationibus,aut
742 1672 744 1685 '

100 1774 161 1814 reos
180 1757 310 1833 tutando,
331 1755 503 1837 prosperiore
523 1757 699 1838 eloquentiae

99 1858 183 1920 quam
199 1863 308 1902 morum
323 1842 396 1902 faura
407 1843 475 1903 fuit:
496 1842 546 1903 nist
564 1847 643 1923 quod
655 1866 699 1906 re·

102 1943 144 1988 tas
164 1946 287 1989 extrema
299 1929 416 1989 multum
428 1934 510 1990 etiarn
523 1931 699 2011 eloquentiae

98 2012 223 2094 demplit,
236 2015 300 2075 dum
311 2014 374 2076 sella
388 2034 480 2078 mente
490 2020 592 2077 retinet
602 2015 699 2080 silentii

98 2101 308 2176 impatientiam.
344 2109 382 2162 At
397 2106 548 2185 Agrippina
559 2109 730 2185 peruicnx53

96 2186 166 2256 irae,
179 2203 206 2245 et
216 2190 312 2246 morbo
327 2192 452 2269 corporis
465 2191 614 2270 implicatu,
633 2216 698 2255 cum

96 2266 197 2330 uiseret
208 2294 266 2334 earn
284 2275 392 2349 Caesar,
412 2276 527 2357 profulis
545 2277 639 2341 diuae
652 2302 699 2362 per

95 2352 233 2419 filentium
243 2361 589 2439 lacrymis,rnoxinvidiarn
599 2381 625 2425 et
633 2388 697 2447 pte·

78 2451 106 2510 Ἀ.
131 2458 143 2499 t
156 2447 280 2510 orditur:
294 2453 301 2480 ‘
313 2447 467 2510 subveniret
478 2448 630 2531 solitudini,
646 2455 696 2516 dt·
