1628 2940
85 126 147 191 130
178 125 582 171 Μοικειιιτκοιτι

82 226 188 288 pugna,
207 210 236 265 ni
255 207 446 267 Maroboduus
457 203 539 265 casira
551 206 579 263 in
593 202 684 267 coner

83 290 260 354 subduxisset.
283 294 311 353 id
324 292 426 372 fignunr
439 290 549 372 perculsi
560 290 632 351 suita
653 308 683 354 et

83 379 236 460 manafugia
247 380 376 462 paulatim
390 379 521 455 nudatus,
531 381 561 438 in
571 384 683 441 Maron·

83 487 206 528 mannos
225 466 361 542 concedit,
376 464 502 544 misitque
519 464 627 542 legator
647 464 684 527 ad

83 556 231 614 Tiberium
245 570 376 614 orarmoa
386 552 499 612 auxilia.
522 550 684 633 responsum

84 640 155 718 ess,‘
174 661 234 701 non
246 642 378 719 juraeum
387 637 516 699 adversus
527 638 686 701 Cheruscoa

85 727 96 761 ‘
108 749 184 789 arma
191 734 315 789 Romana
325 728 522 807 inuocare,qui
531 729 686 805 pugnantis

84 813 97 848 ‘
112 814 268 876 ineundem
281 813 381 874 bostem
391 820 535 873 Romanoa
544 814 621 875 nulia
629 833 685 894 ope

86 900 242 980 ‘juvisset'
264 899 356 961 missua
366 915 458 960 tamen
465 899 583 976 Drusus,
597 916 685 982 utre-

88 990 213 1060 rulinrua,
225 989 300 1066 pacis
311 985 445 1047 firmator.
491 987 597 1049 Eodem
605 1005 723 1065 annos]

87 1074 234 1147 duodecim
249 1073 369 1133 celebres
381 1073 458 1134 Asiae
473 1075 551 1133 urben
564 1073 685 1151 conlap-

88 1159 131 1220 sae
140 1165 275 1220 nosiurno
283 1176 361 1220 motu
374 1176 470 1235 terrae,
480 1160 683 1240 quoimprovi·

88 1246 143 1308 sior
155 1249 323 1326 graviorque
334 1245 413 1328 pestis
427 1246 496 1319 suit;
511 1265 601 1325 neque
618 1243 686 1305 soii·

89 1351 148 1395 rum
158 1337 187 1393 in
196 1333 245 1393 tali
253 1333 314 1394 casu
327 1332 458 1412 effugium
470 1332 645 1393 subveniebat
653 1334 686 1394 in

88 1417 182 1502 aperta
194 1421 401 1502 prorumpendi,
417 1423 482 1500 quia
495 1419 611 1480 didonis
627 1433 684 1479 ter·

88 1510 128 1569 ris
146 1508 350 1567 hauriebantur.
390 1509 400 1539 ‘
429 1505 520 1567 sedisse
535 1505 685 1568 immensos

87 1597 233 1669 ‘monica
247 1592 304 1653 visa
316 1595 345 1652 in
359 1593 446 1652 arduo
461 1614 531 1673 quae
543 1595 625 1676 plana
639 1593 685 1655 fu·

86 1682 99 1716 ‘
112 1683 198 1756 erint,
209 1678 330 1740 effulsisse
338 1682 411 1739 inter
418 1681 527 1741 ruinam
535 1685 619 1761 ignie'
626 1702 685 1743 mc·

87 1782 207 1829 morant.
242 1765 388 1846 asperrima
407 1767 437 1827 in
456 1768 604 1830 Sardianos
624 1771 685 1829 luen

87 1855 237 1935 plurimum
253 1855 282 1913 in
296 1852 405 1913 cosdem
417 1852 615 1916 misericordiae
630 1870 685 1917 tm·

86 1945 154 2011 xit3
175 1961 239 1999 nanu
251 1942 355 2000 centies
375 1938 522 2000 sestertium
542 1943 685 2019 pollicitor

87 2025 196 2100 Caesar,
223 2043 251 2086 et
265 2043 400 2105 quantum
416 2027 534 2098 aerario,
553 2041 600 2084 aut
616 2027 686 2089 fisco

87 2112 254 2190 pendebant,
278 2117 307 2195 in
330 2113 551 2193 quinquennium
570 2112 684 2177 remisit.

88 2203 232 2272 Magnetes
245 2205 260 2257 a
272 2201 377 2279 Sipylo,
394 2201 516 2280 proximi
532 2199 635 2259 damno
651 2224 686 2263 ac

88 2285 206 2342 remedio
217 2288 311 2345 babiti.
336 2286 685 2369 Temnios,Philadelpbe·

88 2388 152 2440 nos,
172 2379 315 2447 Aegeatas‚
338 2374 558 2451 Apollonienses,
579 2377 685 2456 quique

88 2455 213 2519 Mosteni
236 2474 283 2517 aut
302 2459 468 2524 Macedones
490 2464 614 2541 Hyrcani
632 2482 684 2527 νο·
