1538 3330
133 148 198 208 224
231 146 637 193 &communem

131 236 258 313 pellique
269 235 425 314 capitalium
446 235 592 292 criminum
608 248 731 313 recepta-

133 323 245 379 bantur.
268 342 320 379 nec
332 320 416 379 ullum
434 318 497 378 satis
510 320 635 379 validum
648 322 733 400 impe·

130 409 202 464 rium
212 424 270 466 erat
278 407 439 466 co'e'rcendis
448 405 632 466 seditionibus
643 427 733 489 popu·

129 494 149 553 li
153 534 163 565 ,
172 493 274 570 flagitia
287 496 430 554 hominum
439 508 470 552 ut
477 495 665 555 caerimonias
676 501 734 555 De·

130 581 370 659 llmprotegentis.
394 582 479 658 igitur
485 579 619 660 placitum
629 582 735 642 otmit·

128 679 222 726 terent
233 668 361 727 civitates
371 666 444 743 jura,
452 680 535 746 atque
546 666 670 745 legatos.
705 684 735 731 et

128 751 263 833 quaedam
274 753 352 835 quod
360 750 426 833 falso
434 750 639 833 usurpaverant
647 754 734 836 spon·

128 854 159 900 te
172 836 303 901 omisere:
319 838 422 903 multae
429 839 543 900 vetustis
559 839 733 922 superstitio·

128 929 225 999 nibus,
245 942 294 986 aut
304 927 410 987 meritis
429 927 459 985 in
475 927 611 1007 populum
624 934 732 993 Roma·

129 1034 197 1073 num
209 1012 340 1074 fidebant.
362 1032 518 1092 magnaque
528 1014 592 1092 ejus
604 1014 663 1076 diei
671 1015 732 1099 spe-

128 1103 184 1158 cies
196 1098 262 1174 fuit,
280 1120 339 1179 quo
350 1097 457 1159 senatus
468 1101 609 1178 majorum
625 1104 732 1167 benefi-

127 1187 182 1258 cia,
201 1184 337 1246 sociorum
352 1190 441 1266 palia,
458 1206 554 1264 regum
572 1192 663 1251 etiam
682 1194 731 1273 qui

126 1287 193 1330 ame
203 1274 261 1331 vim
277 1278 431 1332 Romanam
441 1274 590 1336 valuerant
606 1276 731 1356 decreta,

69 1374 75 1381 ·
126 1356 303 1439 ipsorumque
311 1361 456 1418 numinum
468 1360 620 1438 religiones
635 1367 729 1429 intro·

126 1444 359 1527 spexit,libero‚ut
371 1445 596 1527 quondam,quid
606 1450 731 1513 firmaret

126 1547 289 1592 mutarclve.
335 1533 552 1594 Primiomm‘um
561 1538 673 1618 Ephesii
682 1536 760 1601 aad-61

126 1622 193 1691 iere,
206 1634 403 1692 memorantem
419 1619 662 1703 ‘nomutvulgus
671 1649 727 1687 cre·

125 1703 136 1737 ⁴
151 1704 237 1775 deret,
250 1707 370 1763 Dianam
385 1721 467 1783 atque
478 1709 642 1787 Apollinem
655 1716 727 1775 Delo

125 1790 136 1823 ‘
151 1794 276 1868 genitos:
297 1790 348 1849 else
361 1791 431 1870 apud
442 1791 467 1850 se
485 1799 656 1860 Cenchrium
669 1822 727 1863 am·

126 1880 136 1911 ‘
152 1899 227 1952 nem,
247 1878 339 1936 lucum
353 1880 506 1956 Ortygiam,
522 1885 569 1941 ubi
582 1891 725 1949 Latonam

124 1965 134 1999 ‘
151 1980 230 2045 partu
242 1963 395 2040 gravidam,
408 1981 434 2023 et
447 1965 534 2039 oleae,
546 1990 725 2048 quaetume·

123 2051 134 2084 ‘
148 2054 213 2110 tiam
224 2065 344 2123 maneat,
355 2049 488 2125 adnisam,
500 2055 612 2117 edidisse
624 2081 657 2120 ea
671 2083 725 2122 nu-

122 2136 133 2171 ‘
148 2138 242 2195 mina:
263 2136 433 2215 deorumque
448 2142 558 2200 monitu
584 2143 725 2210 sacratum

122 2223 133 2256 ‘
146 2240 254 2281 nemus.
278 2237 360 2300 atque
372 2223 458 2301 ipsum
475 2225 532 2285 illic
545 2231 724 2312 Apollinem,

121 2309 132 2342 ‘
149 2304 207 2389 poll
222 2308 379 2367 interfectos
393 2311 540 2391 Cyclopas,
557 2320 640 2392 Jovis
652 2322 723 2383 iram

120 2394 131 2427 ‘
144 2391 278 2453 vitavisse.
304 2415 370 2454 mox
387 2400 516 2457 Liberum
525 2418 631 2479 patrem
645 2408 722 2469 bello

118 2480 130 2515 ‘
142 2479 450 2563 viliorem,supplicibus
462 2492 640 2552 Amazonum
649 2513 723 2573 quae
