1628 2940
177 133 238 212 138
271 148 675 193 c.cotuuurr·racrrr

169 231 251 291 simos
264 233 473 314 manipularium
482 232 621 312 juvando,
640 253 705 294 cum
716 254 769 296 ve·

171 335 242 378 terea
254 325 440 396 centuriones,
450 320 559 381 severos
572 322 702 381 tribunos
717 322 767 383 de·

168 424 305 483 moveret,
314 408 533 489 locaqueeorum
540 407 686 468 clientibur
698 407 767 486 suia,

170 494 215 555 vel
226 494 373 556 deterrimo
384 497 484 575 cuique
502 496 675 569 attribueret,
695 495 768 557 defi·

170 581 244 641 diam
253 584 281 640 in
291 581 394 657 castris,
405 583 544 642 licentiam
552 582 581 640 in
590 582 768 655 urbibuam·

170 688 236 747 gum
248 688 279 728 ac
290 667 475 728 lascivientem
487 688 536 747 per
551 686 635 745 agror
647 667 767 732 militem

170 752 282 831 sineret,
298 746 432 835 eousque
450 756 767 835 corruptiouirprovec·

170 858 215 901 tus
228 841 275 918 est,
294 858 324 901 ut
333 840 458 903 sermone
466 841 554 919 voigi,
566 860 666 922 parent
678 841 766 920 legio·

171 950 239 988 num
253 930 407 992 haberetur.
435 950 487 989 nec
502 929 635 990 Plancina
650 926 677 988 se
692 930 768 991 intra

170 1015 272 1077 deeora
290 1014 549 1089 reminiscentiam
566 1014 609 1075 sed
630 1017 768 1077 exercitio

67 1113 72 1121 ’
171 1106 309 1182 equitum,
325 1100 768 1163 decurfibuscohortiuminteres·

172 1188 220 1248 se:
249 1191 279 1248 io
303 1192 495 1270 Agrippinam,
520 1191 549 1248 in
570 1191 769 1251 Germanicum

171 1274 354 1335 contumelias
367 1278 459 1355 jacere
477 1298 487 1335 z
501 1274 664 1354 quibusdam
683 1279 769 1337 etiam

171 1364 312 1423 bonorum
337 1364 455 1421 militurn
485 1362 519 1421 ad
543 1361 615 1421 mala
636 1361 769 1441 obsequia

170 1451 319 1530 promptia,
334 1449 409 1527 quod
419 1448 428 1480 ‘
440 1447 511 1507 haud
520 1451 769 1529 invitoimperuto·

171 1536 183 1569 ‘
199 1555 228 1593 re
240 1555 271 1592 ea
287 1533 353 1593 fieri’
364 1535 490 1595 occultus
507 1532 766 1596 rumorittoedebat.

171 1627 248 1682 Nota
259 1623 326 1681 haec
340 1622 526 1695 Germanic03
538 1621 581 1681 sed
590 1622 725 1707 praererfci
731 1621 806 1704 ad56

172 1711 320 1769 Armenios
340 1708 485 1768 instantior
500 1729 566 1768 cura
583 1709 647 1771 suit.
680 1710 770 1770 unbi-

171 1815 225 1872 gua
237 1816 305 1872 gens
317 1816 348 1854 ea
356 1796 521 1873 antiquitus,
531 1797 678 1855 hominum
689 1798 770 1876 inge·

170 1882 238 1954 niis,
250 1897 278 1941 et
292 1879 341 1940 suu
355 1897 501 1956 terrarum,
512 1896 573 1961 quo·
583 1881 685 1943 nostris
701 1902 770 1964 pro·

170 1969 270 2027 vinciis
279 1968 491 2047 iatepraetenta,
505 1971 615 2049 penitus
624 1969 658 2028 ad
668 1969 769 2030 Medo·

170 2054 339 2132 porrigitur3
355 2053 536 2133 maximisque
548 2057 672 2136 imperiis
683 2059 769 2117 inter-

166 2140 245 2217 jeeii,
256 2156 284 2198 et
293 2139 396 2220 saepius
405 2140 543 2203 discordet
552 2140 626 2218 sunt,
638 2142 770 2205 adversor

170 2231 315 2286 Romanoa
324 2229 402 2303 odio,
418 2244 445 2287 et
458 2232 488 2289 in
507 2233 635 2290 Parthum
649 2232 770 2293 inridit.

169 2313 773 2394 regemillatempestatenonhabebantamo·

171 2408 203 2456 to
212 2406 353 2462 Vonone:
370 2401 415 2462 sed
427 2401 507 2461 saror
516 2406 640 2462 nationis
649 2405 772 2465 inclina·

41 2484 221 2712 ⁸2
231 2487 261 2548 in
274 2496 418 2552 Zenonem
428 2490 588 2551 Polemonia
597 2492 670 2570 regia
675 2491 773 2553 Ponti·
