1628 2940
181 140 227 221 7⁶6
281 162 683 209 αεοιηειιιτκιτι

182 263 269 304 mum.
337 243 420 304 Haud
431 247 535 323 pigebit
547 244 647 306 refem
658 248 688 306 in
704 244 778 308 Fala-
808 272 812 279 ·

179 331 246 405 nio,
264 346 292 390 et
307 330 424 407 Rubrio,
440 332 709 410 modicistqtiinhus
719 339 780 396 Ro·

183 420 283 493 manis,
292 433 462 498 praetentata
474 421 608 478 crimina:
621 433 664 492 ut,
676 420 779 497 quibus

181 504 283 581 initiis,
291 517 395 585 quanta
403 506 510 564 Tiberii
519 521 588 580 arte,
595 506 778 583 gravissimum

184 594 300 650 exitium
319 587 467 670 irrepserit,
487 590 551 651 dein
568 589 714 673 repreffum
734 592 777 673 fit,

185 676 322 761 postremo
330 674 435 752 arserit,
444 683 595 757 cuniiaque
602 679 777 759 corripuerit,

185 763 323 824 noscatur.
345 763 459 825 Falanio
470 764 778 845 objiciebataccusator,

185 851 285 932 ‘quod
298 853 372 910 inter
384 851 503 912 cultores
518 850 644 931 Augusti,
664 855 713 933 qui
730 874 774 934 pei

185 937 195 973 ‘
208 958 306 999 omnes
316 937 416 996 domos
428 941 458 998 in
473 938 588 999 modum
600 939 777 1017 collegiorum

183 1024 195 1058 ‘
207 1024 507 1096 habebantur,Cassium
516 1025 655 1105 quendam
666 1027 780 1088 mimmt¹

186 1113 197 1143 ‘
212 1132 329 1193 corpore
337 1109 465 1173 infamem
474 1110 772 1194 adsciviffettquodqm

184 1198 196 1231 ⁴
211 1199 331 1259 venditis
340 1201 440 1274 hortis,
452 1199 564 1260 statuam
577 1200 690 1278 Augusti
701 1197 773 1260 fimu'
798 1248 800 1252 .

185 1285 407 1367 ‘mancipasset’
430 1289 537 1349 Rubrio
545 1289 655 1347 crimini
664 1286 773 1346 dabatm

186 1374 348 1436 ‘violatum
371 1375 493 1453 perjurio
515 1394 618 1434 nomen
637 1371 764 1448 Augusti.

187 1483 258 1543 quae
271 1463 317 1521 ubi
331 1463 447 1521 Tiberio
457 1477 582 1536 notuere,
593 1455 696 1539 scripfit
707 1479 772 1518 con·

187 1549 290 1609 sulibus
300 1548 332 1620 ;‘
349 1569 407 1606 non
424 1548 486 1607 ideo
497 1548 636 1607 decretum
647 1545 719 1625 patri
730 1543 771 1604 su(

187 1636 197 1666 ‘
214 1635 334 1708 coelum,
348 1650 378 1693 ut
387 1637 415 1693 in
425 1637 572 1715 perniciem
584 1630 686 1693 civium
694 1631 719 1690 is
726 1633 767 1691 ho

188 1721 199 1754 ‘
211 1743 264 1782 nor
272 1737 431 1781 verteretur.
447 1723 561 1780 eaffium
571 1716 729 1782 histrionem
738 1717 782 1781 so=

187 1809 291 1868 ‘litum
307 1810 381 1866 inter
400 1808 468 1866 alios
483 1807 601 1886 ejusdem
617 1809 684 1865 artis
696 1808 770 1866 inter

188 1894 263 1954 ‘effe
274 1893 357 1968 ludis,
370 1915 440 1973 quos
454 1912 541 1954 mater
550 1893 595 1953 sua
611 1894 640 1950 in
650 1895 771 1952 memon'

189 1979 200 2013 ‘
213 2002 257 2041 am
267 1980 380 2058 Augusti
392 1979 523 2041 sacrasset.
545 1999 598 2037 nec
611 1991 710 2035 contra
720 1979 779 2038 reii-

191 2067 311 2142 ‘giones
327 2067 395 2141 fieri,
411 2066 487 2145 quod
505 2064 607 2142 effigies
619 2061 689 2139 ejus,
704 2078 736 2121 ut
757 2087 772 2123 a

192 2153 201 2185 ‘
215 2153 251 2210 lia
261 2156 403 2212 numinum
417 2151 567 2226 imolam,
576 2148 785 2211 venditionibu-

192 2238 202 2269 ‘
216 2241 358 2296 hortorum
372 2255 399 2298 et
411 2240 541 2299 domuum
559 2236 702 2299 accedant.
722 2238 771 2316 jus

195 2322 358 2397 ‘jurandum
369 2325 693 2404 perindeaeliimandum,
701 2345 784 2402 quat-

192 2407 205 2525 :
217 2407 235 2464 s1
248 2416 345 2480 Jovem
364 2411 509 2485 seselliiset3
535 2414 648 2472 deorum
668 2412 784 2488 injuria*
808 2408 811 2413 ’

39 2536 195 2712 ⁸
221 2493 273 2552 diis
285 2502 386 2576 curae!
442 2505 500 2559 Nec
512 2501 599 2561 multo
614 2496 674 2582 post
685 2499 773 2559 Grani
