1538 3330
147 181 211 230 220
244 181 651 226 ocoauaurrracrrr

145 270 218 328 sorte
231 272 311 328 rebus
329 272 435 328 cunelis
454 266 522 327 inest
538 268 655 347 quidam
673 289 696 327 vr

144 359 235 429 orbis,
248 373 278 416 ut
291 355 521 435 quemadmodum
535 370 696 436 temporum

144 464 203 517 ces,
220 447 257 502 ita
274 463 382 502 morum
399 457 564 502 vertuntur:
586 462 641 501 nec
655 463 696 503 ou

143 530 217 610 apud
232 532 337 610 priores
355 529 479 603 meliora,
499 528 543 587 sed
564 528 663 588 nostra
681 550 696 611 q

143 637 199 697 que
206 631 280 677 aetas
288 616 375 676 multa
386 615 475 674 laudis
487 631 515 674 et
523 618 628 676 artium
637 619 696 677 imit

144 704 181 764 da
191 702 306 786 posteris
325 703 401 762 tulit.
432 722 528 762 verum
544 704 616 762 haec
628 706 696 765 nobi

144 793 264 870 majores
279 791 429 851 certamina
448 810 484 849 ex
505 788 628 851 honesto
641 812 697 853 mu

145 893 205 938 ant.
249 876 697 961 Tiberiussamamoderationiap

144 965 261 1044 ta‚quod
270 966 424 1050 ingruentis
434 962 607 1024 accusatores
618 987 697 1047 repre

143 1066 200 1127 ¹rat,
211 1053 298 1110 mittit
307 1051 414 1110 litteras
428 1051 462 1110 ad
471 1048 607 1128 senatum,
619 1058 690 1135 qula

144 1137 265 1198 testatem
278 1138 454 1198 tribunicium
469 1136 563 1197 Druso
574 1142 694 1219 petebat

142 1222 240 1284 summi
248 1224 344 1304 fastigii
355 1225 519 1284 vocabulum
529 1226 675 1304 Augustus
688 1250 697 1289 1

143 1313 228 1393 perit,
240 1332 276 1371 ne
284 1315 355 1390 regis
364 1327 410 1370 aut
422 1312 565 1372 dielatoris
577 1334 690 1377 nomen

143 1397 272 1472 sumeret,
292 1420 323 1458 ac
345 1415 436 1458 tamen
449 1399 640 1480 appellatione
655 1404 697 1464 ali

143 1488 356 1567 cereraimperiu
370 1487 563 1565 praemineret.
590 1496 635 1550 Μ.
648 1491 697 1552 dei:

142 1575 295 1652 Agrippam
319 1571 422 1632 socium
433 1572 494 1649 ejus
512 1575 697 1654 potestatia‚r

141 1658 285 1733 defuneto,
306 1661 451 1718 Tiberium
470 1666 611 1722 Neronem
633 1666 697 1743 dele

141 1765 179 1804 ne
190 1744 323 1806 successor
338 1748 368 1804 in
383 1748 490 1806 incerto
503 1747 593 1824 soret;
614 1751 652 1813 fic
668 1775 697 1815 cr

141 1835 200 1893 beri
211 1854 310 1913 pravas
319 1834 436 1892 aliorum
448 1831 507 1912 spes
518 1837 649 1900 rebatur:
669 1839 697 1901 fir

141 1920 287 1982 modestiae
297 1923 432 1996 Neronis,
440 1935 467 1978 et
477 1919 539 1982 suae
552 1929 697 2004 magnitud

140 2006 253 2067 fidebat.
282 2027 340 2086 quo
361 2023 428 2069 tunc
448 2009 590 2090 exemplo,
609 2016 698 2075 Tiber

141 2093 263 2155 Drusum
272 2093 391 2154 summae
403 2097 441 2153 rei
455 2095 602 2157 admovet:
623 2122 691 2163 cum

141 2179 245 2239 columi
256 2184 422 2242 Germanico
430 2184 568 2259 integrum
581 2185 660 2246 inter
671 2190 698 2250 dr

137 2264 275 2343 judicium
288 2267 422 2328 tenuisset.
453 2270 496 2327 sed
512 2272 655 2353 principio
668 2276 698 2337 lit

142 2372 234 2413 rarum
246 2370 392 2414 veneratus
408 2355 487 2430 deos,
500 2356 509 2387 ‘
522 2373 553 2416 ut
565 2359 681 2422 confilia
695 2388 698 2421 1

142 2438 328 2520 ‘reipublicae
346 2442 559 2521 prosperarenr,'
578 2448 693 2511 modica

139 2530 268 2593 motibus
284 2528 582 2607 autumnitanorum
593 2536 628 2593 iu
640 2534 698 2599 salsi
