1628 2940
91 192 152 259 154
186 196 215 238 c.
232 194 422 237 conuerti
437 191 583 235 rncrrr

89 279 193 355 quique
208 274 254 333 alii
271 272 426 333 senatorum
442 273 566 345 aderant,
586 266 685 351 ‘quil'-

89 362 176 421 ‘nam
193 362 285 420 Suriae
303 359 529 439 praelioeretur3’
543 374 572 417 et
587 360 687 418 ceterit

89 447 199 511 modice
209 445 286 522 nilis,
298 450 371 505 inter
381 448 497 505 Vibium
510 442 643 517 Marsum,
658 460 690 505 et

90 540 147 594 Cn.
158 536 282 594 Sentium
294 533 341 592 diu
353 530 522 612 quaestum:
539 529 604 590 dein
613 536 689 591 Mar·

91 619 136 682 sut
154 618 267 696 seniori,
290 635 318 678 et
335 619 426 677 acrius
447 617 574 677 tendenti
595 621 690 678 Sentio

90 707 229 770 concellit.
242 707 317 784 isque
327 702 457 764 infamem
465 703 607 764 veneficiis
616 725 649 764 ea
657 708 689 765 in

92 797 250 878 provincia,
261 810 289 852 et
298 793 444 851 Plancinae
451 811 589 870 percaram
597 794 689 852 nomi·

91 903 129 943 ne
142 889 291 941 Martinam
304 880 332 936 in
343 881 437 936 urbem
454 875 535 952 milit,
549 876 689 957 postulan-

91 969 166 1027 tibus
176 967 290 1026 Vitellio
300 984 333 1023 ac
344 962 630 1043 Veranio,ceterisque
638 966 689 1044 qui

92 1055 209 1112 crimina
221 1067 250 1110 et
260 1049 462 1111 accusationem
478 1066 619 1130 tamquam
639 1051 689 1111 ad·

92 1137 187 1199 versus
206 1154 331 1218 receptor
349 1136 406 1214 jam
424 1157 487 1196 reos
507 1137 689 1198 instruebant.

94 1232 134 1286 At
146 1226 309 1304 Agrippina,
321 1243 485 1303 quamquam
497 1222 593 1283 defessa
604 1225 708 1302 lueiu,7
715 1246 730 1306 5

94 1327 122 1371 et
133 1332 248 1391 corpore
259 1330 352 1388 aegro,
372 1313 495 1370 omnium
510 1325 603 1370 tamen
618 1331 690 1390 quae

94 1397 229 1458 ultionem
237 1413 412 1458 morarentur
420 1397 584 1472 intolerans,
597 1397 689 1458 ascen·

93 1486 136 1545 dit
148 1482 253 1544 classem
262 1504 324 1543 cum
337 1485 472 1543 cineribus
482 1487 654 1560 Germanici,
662 1503 690 1545 et

94 1571 204 1640 liberis·‚
217 1568 404 1628 miserantibus
414 1574 532 1644 cuneiia,
545 1572 639 1650 ‘quod
648 1574 688 1631 se·

93 1658 104 1689 ‘
116 1659 191 1716 minu
201 1656 344 1716 nobilitate
352 1658 491 1736 princeps,
503 1659 688 1736 pulcherrimo

95 1744 205 1802 ‘modo
233 1745 411 1801 matrimonio
434 1744 507 1801 inter
529 1750 689 1807 venerantia

95 1831 105 1862 ‘
120 1827 306 1907 gratantisque
317 1827 397 1908 aspici
409 1827 500 1904 solita,
511 1846 578 1889 tune
594 1831 689 1892 feralis

93 1917 243 1995 ‘reliquias
259 1914 422 1990 suaserim,
440 1917 546 1975 incerta
560 1917 688 1995 ultionis,

92 2006 199 2062 ‘anxia
208 2001 261 2073 -sui,
275 2000 376 2061 infelici
386 2000 551 2062 fecunditate
560 2003 689 2066 fortunae

95 2090 220 2147 ‘totiena
231 2089 375 2147 obnoxia.¹
398 2088 521 2148 Pisonem
533 2091 644 2151 interim
658 2115 687 2153 a·

92 2175 149 2255 pud
163 2181 251 2232 Coum
263 2173 377 2232 insulam
390 2177 506 2234 nuntius
519 2174 687 2257 adsequitur,

91 2268 100 2293 ⁸
114 2258 245 2319 excessisse
257 2264 476 2320 Germanicum'·
484 2283 542 2340 quo
550 2265 687 2345 intempe-

91 2364 182 2404 ranter
192 2347 394 2425 accepto‚cedit
403 2350 539 2420 victimas,
548 2350 604 2409 adit
612 2368 685 2412 tem·

93 2435 152 2510 plaz
166 2448 255 2511 neque
272 2432 325 2511 ipse
340 2434 469 2509 gaudium
484 2437 641 2510 moderans,
656 2454 685 2498 et

85 2523 176 2600 aragia
190 2518 370 2583 insolescente
387 2521 524 2597 Plancina,
538 2541 608 2601 quae
625 2527 684 2586 luo·
725 2576 728 2581 .
