1538 3330
154 97 212 178 198
255 96 664 159 meonian'innacxai
755 90 761 103 '

148 214 237 256 aetate
261 199 415 255 uberrimus
435 213 502 257 erat.
533 196 604 255 idem
623 196 752 257 Corbulo

149 286 291 364 ‘plurima
312 306 359 364 per
382 286 488 341 Italiam
512 284 626 357 itinera,
654 282 752 342 fraude

147 372 156 402 ‘
171 376 328 450 mancipum
337 388 363 429 et
373 373 477 428 incuria
486 369 693 447 magistratuum
705 373 750 429 in-

147 458 158 489 ‘
175 474 298 537 terrnpta
311 474 337 516 et
350 458 491 536 impervia'
503 456 686 528 clamitando,
700 478 750 517 ex·

148 543 316 603 secutionem
325 545 385 621 ejus
398 545 502 618 negotii
513 541 604 601 libens
616 541 750 623 suscepit:

147 630 223 710 quod
230 631 303 690 haud
312 628 425 710 perinde
433 631 541 708 publice
549 627 752 705 usuihabitum,

147 738 231 797 quam
241 715 386 776 exitiosum
400 716 508 789 multia,
520 735 641 793 qnorum
656 718 689 774 in
701 737 749 796 pe·

146 806 257 863 cuniam
271 819 353 883 atque
364 803 463 862 famam
475 802 706 861 damnationibus
721 818 750 863 et

146 889 219 950 hasta
231 887 374 950 saeviebat.
412 885 678 967 nequemultopost
686 886 763 969 mis-3

145 975 180 1035 fis
192 977 225 1035 ad
235 974 356 1036 senatum
367 976 466 1035 litteris
474 975 606 1034 Tibetius
618 975 628 1007 ⁴
642 992 749 1037 motam

145 1062 155 1094 ⁴
171 1061 278 1121 rursum
292 1062 413 1123 Africam
423 1058 533 1121 incursu
545 1061 749 1123 Tacfarinatia’

146 1146 254 1220 domin
268 1148 444 1228 ‘judicioque
452 1163 561 1228 patrum
569 1146 748 1226 deligendum

146 1234 156 1263 ‘
169 1235 344 1312 proconsule,
356 1255 474 1313 gnarum
486 1233 613 1309 militiae,
628 1255 748 1317 corpore

146 1320 156 1350 ⁴
170 1320 303 1394 validum,
322 1336 350 1379 et
363 1322 435 1381 bello
448 1320 621 1380 suffenurum
630 1325 657 1396 ς’
669 1322 748 1402 quod

145 1409 256 1467 initium
271 1414 332 1466 Sex.
351 1408 499 1487 Pompejus
512 1408 637 1484 agitandi
649 1409 747 1470 adver·

143 1492 189 1553 sus
202 1500 244 1553 Μ.
253 1494 387 1569 Lepidum
396 1495 454 1554 odii
469 1498 578 1569 nanus,
592 1494 746 1557 ‘utsocon

144 1579 155 1610 ‘
170 1580 244 1652 dem,
257 1583 380 1660 inopem,
395 1581 582 1659 etmajoribua
595 1578 652 1643 suia
665 1582 746 1644 dede·

143 1665 154 1696 ‘
170 1686 278 1740 corum,
290 1688 379 1745 eoque
391 1670 473 1727 etiam
486 1665 645 1729 Afiacsorte
654 1670 746 1752 depel-

140 1749 305 1825 ‘iendum,’
324 1752 477 1826 incusavit;
500 1754 615 1815 adverso
637 1754 745 1834 senatu,

142 1841 191 1919 qni
210 1839 219 1870 ‘
237 1839 371 1918 Lepidum
390 1844 485 1900 mitem
497 1836 586 1917 anagia
598 1863 685 1921 quam
702 1846 745 1923 ig-

143 1928 153 1955 ‘
167 1946 268 1985 navum
279 1948 287 1995 ;
303 1942 430 2004 paternas
439 1931 462 1986 ei
473 1927 609 2005 angustias
622 1946 652 1989 et
661 1934 744 1991 nobi·

141 2011 264 2070 ‘litatem
272 2010 326 2072 sane
334 2016 438 2091 probro
448 2018 649 2089 astamhonori
658 2037 743 2097 quam

140 2100 149 2127 ⁴
163 2098 333 2173 ignominiae
347 2100 508 2159 habendam’
522 2101 651 2164 ducebat.
685 2107 758 2185 lgi·3

140 2197 185 2239 tur
201 2181 293 2241 minus
306 2185 335 2242 in
349 2184 449 2245 Asiam.
474 2201 502 2245 et
513 2186 522 2216 ‘
535 2186 569 2246 de
582 2188 678 2250 Africa
691 2192 739 2250 de·

138 2266 148 2297 ‘
165 2282 267 2326 cretum
276 2286 306 2327 ut
319 2270 415 2330 Caesar
428 2274 538 2349 legeret,
548 2276 738 2336 cuimandan·

137 2350 197 2411 ‘da
207 2353 300 2413 foret!
321 2358 392 2415 inter
406 2379 476 2436 quae
488 2367 602 2419 Severus
616 2368 737 2422 Caecina

21 2437 251 2680 *censuim
264 2443 314 2502 ‘ne
322 2463 402 2524 quem
411 2444 606 2525 magistratum,
614 2451 659 2507 cai
667 2469 735 2531 pro·
